2760 4725
1074 361 1627 447 —187-1

322 546 592 632 dictam
636 556 912 635 excitat.
1008 558 1074 633 A
1108 585 1278 635 sene
1323 557 1594 661 agnitus
1638 563 1923 638 Orestes
1952 570 2399 670 propositum

321 703 536 756 suum
589 676 920 758 declarat.
1013 677 1312 752 Matrem
1360 677 1555 753 enim
1595 692 1668 753 et
1706 681 2114 782 Aegisthum
2157 704 2389 769 morte

321 797 584 897 punire
618 795 762 869 iam
806 807 1009 869 antea
1044 793 1392 896 Apollinis
1428 794 1837 870 auctoritate
1888 814 2083 876 certo
2128 807 2418 883 consti-2.

321 927 595 1008 tuerat,
659 940 742 987 v.
785 908 954 986 605.
1002 936 1085 983 «υ.
1120 908 1307 1010 619,
1370 936 1507 1015 nec
1554 910 1645 988 de
1696 912 1878 989 felici
1922 919 2025 993 rei
2068 890 2396 1001 successu

319 1033 635 1126 dubitat,
683 1055 766 1105 v.
804 1027 987 1129 5793
1038 1027 1165 1103 sed
1195 1055 1477 1103 causam
1508 1056 1710 1105 suam
1742 1030 1997 1109 iustam
2033 1061 2183 1111 esse
2224 1066 2396 1114 con-

319 1149 585 1245 fidens,
653 1149 804 1224 eius
853 1172 1098 1222 curam
1134 1145 1290 1221 Diis
1344 1148 1769 1242 committit,
1816 1177 1897 1225 ev.
1936 1151 2107 1241 680.
2225 1157 2394 1245 Non

320 1296 487 1345 vero
506 1327 528 1364 ‚
595 1271 701 1345 uti
746 1266 938 1371 apud
994 1263 1417 1368 Sophoclem
1473 1278 1549 1339 et
1593 1266 2054 1371 Aeschylum,
2118 1270 2223 1346 rei
2274 1272 2398 1347 ad-

321 1386 746 1488 grediendae
801 1382 1099 1460 modum
1151 1381 1607 1461 constituerat
1641 1445 1661 1481 ,
1734 1389 1999 1491 quippe
2038 1414 2279 1479 rerum
2325 1400 2403 1481 et

322 1505 645 1580 locorum
688 1502 1004 1602 ignarus:
1080 1526 1295 1604 quare
1352 1501 1624 1603 singula
1676 1516 1996 1579 accurate
2038 1508 2350 1585 resciscit
2370 1562 2397 1615 ,

320 1648 404 1697 v.
441 1618 894 1697 603—652.
996 1619 1198 1695 Senis
1244 1631 1483 1693 autem
1517 1619 1799 1693 monitis
1824 1675 1844 1711 ‚
1892 1613 2155 1721 quibus
2180 1623 2270 1698 ad
2302 1625 2403 1698 sa-

323 1739 532 1815 cinus
578 1737 691 1814 via
748 1747 1082 1840 paratur,
1151 1735 1249 1813 ita
1287 1734 1573 1815 effertur
1621 1736 1903 1812 Electra
1928 1793 1950 1830 ‚
2015 1751 2099 1821 ut
2155 1737 2406 1815 eadem

321 1854 518 1954 virgo
546 1910 568 1947 ‚
618 1879 797 1957 quae
838 1852 1044 1928 malis
1083 1850 1336 1931 obruta
1378 1877 1661 1927 omnem
1709 1867 1915 1939 antea
1972 1880 2178 1959 spem
2232 1856 2407 1932 ami·

324 1985 553 2062 serat,
601 1969 887 2045 fratrem
923 1972 1066 2045 iam
1116 1970 1209 2046 ad
1256 1967 1549 2044 caedem
1596 1970 1954 2072 impellat,
2003 1974 2244 2049 matris
2278 1999 2406 2050 ne·

327 2114 525 2180 cem,
591 2098 926 2189 tanquam
969 2086 1337 2188 proprium
1394 2087 1756 2189 quoddam
1801 2116 2060 2167 munus
2088 2147 2109 2184 ‚
2186 2094 2411 2167 susci·-

325 2209 530 2313 piat,
595 2220 668 2281 et
710 2202 1166 2280 voluntariam
1193 2260 1215 2297 ‚
1274 2205 1465 2280 victo
1512 2208 1764 2281 'Oreste
1787 2264 1809 2301 ‚
1857 2219 2161 2280 mortem
2209 2206 2407 2284 obire

326 2325 685 2401 decernat.
821 2318 1035 2418 Quod
1104 2348 1250 2398 non
1325 2333 1569 2424 aperte
1640 2335 1915 2402 tantum
1975 2328 2346 2429 profitetur
2378 2385 2403 2425 ,

325 2470 409 2518 v.
440 2439 587 2542 693
617 2496 638 2532 ,
687 2438 817 2516 sed
866 2435 1126 2514 deinde
1159 2438 1435 2534 etiarn,
1486 2441 1758 2519 ‘auditis
1802 2445 2261 2538 clamoribus,
2323 2451 2405 2524 in

305 2587 412 2666 ‚eo
450 2573 559 2636 est
593 2543 688 2631 ut‘
720 2555 945 2658 gladio
989 2548 1170 2632 vit‘ae
1215 2560 1431 2634 finem
1470 2560 1829 2661 imponat,
1877 2589 1958 2642 v.
1996 2567 2165 2670 761.
2241 2570 2404 2663 Quo

322 2669 563 2778 magis'
586 2675 913 2782 depressa
953 2675 1123 2769 suit,
1178 2701 1262 2749 eo
1294 2674 1513 2777 magis
1554 2677 1887 2777 Aegistho
1910 2709 2114 2760 caeso
2148 2685 2402 2787 gaudio

322 2797 667 2889 exsultat,
714 2818 852 2867 nec
888 2790 1022 2868 sibi
1053 2807 1449 2896 temperare
1481 2809 1716 2897 potest
1756 2798 1934 2901 quin
1972 2799 2039 2874 ei
2083 2802 2401 2903 quamvis

323 2934 604 2999 mortuo
623 2914 881 2992 scelera
913 2936 1036 2984 sua
1062 2910 1478 3011 exprobret,
1514 2937 1594 2985 v.
1614 2939 1700 3013 9¹
1725 2941 1962 3016 1.sqq.
2021 2918 2159 2994 Hic
2192 2920 2409 2995 etiam

329 3038 619 3112 Orestes
653 3059 729 3107 se
754 3031 1294 3107 moderatiorem
1331 3042 1637 3130 praestat
1661 3085 1680 3118 ‚
1731 3032 1956 3130 quiet
1994 3047 2192 3108 antea
2222 3035 2405 3108 Deo-

325 3179 497 3230 rum
554 3149 804 3225 auxilia
851 3160 1179 3251 precatus
1231 3161 1419 3238 erat,
1485 3174 1564 3222 v.
1605 3147 1778 3250 676.
1820 3175 1977 3251 sqq.
2002 3202 2023 3238 ,
2090 3161 2162 3223 et
2209 3177 2404 3228 nunc
2546 3179 2555 3188 ’

281 3367 288 3374 ·
330 3293 613 3376 quoque
655 3291 801 3340 non
856 3263 992 3339 sibi
1012 3321 1032 3355 ‚
1098 3262 1228 3341 sed
1273 3264 1412 3339 illis
1469 3266 1762 3366 gratiam
1818 3262 2215 3339 habendam
2263 3265 2409 3342 lan·

301 3389 598 3490 desque
647 3381 1055 3459 tribuendas
1109 3395 1257 3458 ess'e
1311 3383 1657 3483 signifieat
1688 3442 1707 3477 ‚
1779 3409 1857 3458 v.
1909 3382 2081 3484 395.
2192 3382 2403 3460 Idem

325 3529 495 3579 vero
530 3507 856 3596 Orestes,
904 3503 1025 3608 qui
1066 3501 1208 3576 huc
1241 3525 1465 3604 usque
1501 3527 1649 3578 non
1685 3500 2054 3584 haesitavit
2098 3526 2234 3577 nec
2272 3500 2411 3576 du·

323 3619 617 3714 hitavit,
668 3619 795 3694 sed
834 3621 1035 3697 firma
1078 3619 1152 3696 et
1183 3622 1532 3695 constanti
1570 3620 1924 3700 voluntate
1964 3648 2005 3696 a
2048 3620 2404 3723 Clytaem-

329 3751 569 3815 nestra
627 3739 879 3813 iustam
934 3763 1244 3841 poenam
1279 3751 1601 3840 repetere
1642 3738 2143 3832 constituerat,
2206 3767 2404 3818 nunc

330 3855 482 3936 solo
522 3861 760 3935 matris
790 3857 1126 3962 adspectu
1149 3859 1252 3932 ita
1288 3855 1743 3960 perturbatur
1767 3912 1790 3948 ‚
1834 3867 1921 3930 ut
1955 3881 2109 3931 eam
2147 3882 2405 3934 necare

329 3987 656 4057 vereatur
677 4033 700 4073 ,
755 3976 874 4056 cui
911 3977 1127 4057 vitam
1173 3977 1322 4084 ipse
1373 3972 1632 4050 debeat
1658 4003 1697 4086 εἴ
1725 3988 1807 4051 ut
1842 3975 2184 4086 Apollinis
2220 3978 2407 4050 iussa

1431 4093 1496 4172 A
1513 4119 1555 4171 a
1603 4118 1649 4167 2
2280 4112 2410 4164 -ex-
