2760 4725
1283 298 1829 387 «3-1Ίὸ-

515 497 781 602 publici
827 488 996 579 fecit
1057 496 1229 573 iuris
1280 510 1352 571 et
1396 499 1473 570 in
1512 522 1798 572 scenam
1838 494 2173 601 produxit
2189 551 2212 589 ,
2261 509 2357 597 ut,
2400 522 2610 602 pae-

511 618 737 718 oeptis
773 619 926 692 eius
953 616 1326 691 auditores
1365 613 1739 690 imbueret.
1834 612 2027 688 Hinc
2072 612 2605 716 pulcherrimae

507 737 682 813 istae
725 747 797 809 et
831 758 1035 808 verae
1072 733 1454 834 sapientiae
1486 730 1933 834 plenissimae
1969 736 2393 826 sententiae,
2421 720 2605 838 quae

509 857 830 928 omnium
884 880 1005 928 ore
1072 850 1480 927 ferebantur
1500 905 1521 939 ,
1598 877 1773 950 quas
1826 862 2164 953 tanquam
2222 855 2607 952 proverbia

501 974 854 1075 quaedam
899 995 1145 1049 omnes
1195 970 1538 1044 memoria
1603 966 1941 1042 tenebant
1962 1023 1985 1061 ,
2046 998 2228 1075 quae
2293 974 2605 1075 singula·
2732 970 2733 973 ¹

506 1102 663 1166 r'em
697 1106 943 1168 nactae
994 1103 1159 1167 sunt
1216 1091 1737 1180 auctoritatem,
1789 1085 1967 1162 adeo
2013 1101 2098 1162 ut
2142 1086 2409 1164 deinde
2434 1090 2606 1193 phi-

504 1210 812 1313 losophis
850 1213 1127 1312 saepius
1166 1209 1493 1311 usurpari
1532 1206 2020 1283 crmsueverint
2034 1264 2054 1298 ,
2102 1232 2238 1282 nec
2292 1210 2600 1285 Graecis

504 1339 821 1420 tantum,
870 1327 998 1400 sed
1045 1330 1299 1404 exteris
1343 1330 1561 1403 etiam
1598 1341 1834 1403 eoeent
1873 1325 2299 1401 notissimae.
2401 1327 2601 1402 Huic

501 1467 786 1545 quoque
831 1461 1083 1520 causae
1128 1446 1587 1523 tribuendum
1630 1460 1773 1539 est,
1829 1445 2026 1549 quod
2053 1502 2074 1536 ,
2135 1442 2215 1517 in
2251 1467 2599 1543 persom-

503 1590 670 1639 rum
729 1578 1016 1639 suarum
1068 1562 1380 1641 moribus
1433 1562 1842 1664 effingendis
1863 1618 1886 1652 ,
1951 1563 2165 1664 plane
2233 1562 2600 1637 diversam

505 1680 600 1756 ab
646 1707 728 1756 ea
750 1739 769 1774 ,
819 1706 1036 1784 quam
1071 1695 1352 1759 secutus
1388 1695 1499 1759 est
1546 1682 1929 1784 Sophocles
1946 1741 1971 1774 ,
2018 1680 2367 1755 rationem
2408 1679 2599 1755 inie-

501 1798 601 1875 rit
634 1796 1030 1899 Euripides.
1129 1797 1383 1899 Neque
1446 1802 1687 1892 enim,
1750 1812 1834 1873 ut
1877 1798 1994 1874 ille
2028 1798 2260 1889 -fecit,
2314 1795 2600 1895 magni—

503 1914 788 1988 tudinis*
832 1914 1213 2016 quamdam
1270 1930 1486 2018 atque
1537 1915 1963 1992 fortitudinis
2024 1926 2101 1989 et
2144 1913 2593 1989 constantiae

504 2035 816 2137 speciem
868 2045 1302 2109 consectatus
1348 2047 1424 2107 et
1477 2033 1839 2134 amplexus
1899 2044 2008 2107 est
2028 2087 2049 2124 ,
2100 2056 2315 2135 quam
2364 2031 2444 2104 in
2478 2055 2596 2104 re-

493 2175 672 2225 rum
712 2164 968 2227 natura
1016 2175 1165 2226 non
1224 2152 1614 2245 inveniret3
1679 2151 1811 2226 sed
1838 2208 1863 2243 ,
1931 2150 2124 2255 quod
2174 2151 2591 2254 philosophi

501 2269 874 2369 proprium
904 2281 1052 2360 est,
1099 2266 1275 2372 quid
1317 2294 1567 2345 verum
1608 2282 1791 2345 esset
1832 2269 2220 2370 quaesivit,
2265 2268 2591 2374 illudque

503 2387 840 2488 arripuit,
907 2402 984 2464 et
1033 2388 1112 2462 in
1168 2415 1454 2465 scenam
1507 2386 1887 2492 produxit:
1934 2412 2076 2488 quo
2131 2401 2375 2462 tamen
2430 2414 2591 2464 non

497 2505 600 2603 ita
633 2530 803 2578 usus
838 2517 987 2591 est,
1034 2518 1119 2582 ut
1163 2504 1537 2582 hominum
1570 2504 1737 2581 vitia
1777 2517 1850 2578 et
1891 2503 2381 2608 turpitudines
2412 2531 2593 2582 exa-

498 2619 753 2719 gitaret
781 2676 803 2711 ,
865 2620 996 2698 sed
1045 2622 1411 2702 hominem
1477 2638 1622 2700 tam
1678 2623 1933 2697 fortem
1977 2636 2055 2698 et
2100 2636 2535 2700 constantem
2556 2675 2589 2714 ,

496 2749 647 2810 tam
703 2761 1041 2837 magnum
1089 2755 1168 2816 et
1212 2743 1610 2834 excelsum,
1658 2752 1807 2816 tam
1865 2766 2278 2841 generosum
2318 2756 2397 2816 et
2447 2769 2589 2818 no-

496 2851 718 2928 bilem
751 2856 1187 2952 informavit,
1241 2886 1454 2961 quam
1502 2862 1657 2961 ipsa
1705 2859 1976 2936 ferebat
2026 2857 2337 2936 humana
2374 2875 2591 2938 natu·

491 2998 596 3047 ra.
695 2972 934 3050 Animi
973 2998 1138 3049 vero
1192 2975 1484 3052 affectus
1506 3035 1527 3069 ,
1589 2977 2157 3078 perturbationes
2189 3036 2210 3070 ,
2292 2990 2369 3051 et
2422 2978 2585 3080 ipsa

496 3089 675 3165 adeo
724 3091 892 3167 vitia·
940 3087 1038 3169 ita
1084 3092 1445 3187 adhibuit,
1507 3109 1794 3199 tamque
1836 3124 2002 3174 vere
2064 3096 2445 3197 expressit,
2498 3111 2588 3172 ut

494 3211 592 3287 ad
624 3210 1139 3286 miserationem
1168 3213 1589 3288 movendam
1605 3273 1624 3308 ,
1674 3241 1818 3316 quo
1855 3215 2159 3290 maxime
2204 3212 2585 3307 excelluit,

494 3343 571 3404 et
616 3328 710 3403 ad
767 3331 1101 3428 tragicam
1160 3328 1592 3430 voluptatem
1613 3390 1633 3424 ,
1696 3334 1998 3409 mulmm
2058 3329 2227 3405 inde
2258 3331 2587 3430 prosece-

489 3445 612 3520 rit.
710 3446 982 3539 Quodsi
1036 3449 1397 3527 nonnullis
1449 3453 1669 3552 magis
1748 3452 1868 3528 illa
1930 3451 2168 3555 placet
2207 3445 2587 3546 Sophoclis

486 3587 950 3662 personarum
1007 3568 1224 3643 animi
1281 3568 1689 3670 magnitudo
1743 3571 1976 3672 (quae
2028 3569 2161 3642 etsi
2205 3567 2587 3644 veritatem

492 3682 773 3757 excedit
791 3742 812 3777 ,
879 3687 1294 3787 cogitatione
1372 3700 1615 3764 tamen
1672 3684 2180 3787 comprehendi
2244 3689 2581 3786 potest),

489 3814 866 3895 ,propterea
915 3802 1109 3904 quod
1150 3802 1574 3901 singularem
1628 3803 1911 3905 pulchri
1952 3830 2240 3880 sensum
2269 3808 2533 3881 excitat
2554 3864 2583 3902 ,

493 3914 732 4009 negari
771 3928 1006 3992 tamen
1037 3924 1285 4020 nequit
1322 3920 1680 4025 Euripidis
1710 3923 2055 4012 rationem
2102 3920 2581 4002 verisimilitu-
