2760 4725
220 603 386 711 tur,
440 616 626 693 unde
684 638 926 689 omnes
991 625 1183 686 ortae
1233 615 1374 688 sint
1432 616 1607 689 istae
1656 616 2102 692 calamitates.

323 740 438 812 Ex
484 734 816 825 aedibus,
878 755 1043 804 cum
1092 730 1350 805 famula
1397 733 1630 834 fruges
1683 737 1955 810 ferente
1990 712 2307 839 Apollini

220 853 657 959 afferendas,
739 850 1064 950 procedit
1145 850 1736 953 Clytaemnestra,
1820 868 1894 927 et
1972 858 2304 935 miseram

215 952 766 1075 Agamemntmis
812 966 1029 1043 filiam
1073 965 1397 1070 increpat
1423 970 1619 1074 quod
1649 984 1813 1045 ante
1845 973 2029 1046 sores
2071 1000 2302 1053 verse

216 1103 376 1197 tur,
410 1088 784 1192 palamque
822 1084 914 1158 de
943 1086 1191 1159 matris
1229 1087 1679 1190 improbitate
1711 1102 2070 1193 queratur.
2117 1094 2300 1169 Inde

212 1147 488 1283 facinus
536 1230 578 1278 a
624 1228 704 1279 se
732 1204 1188 1280 commissum
1228 1205 1582 1282 defendit:
1633 1234 1713 1283 se
1747 1207 1938 1281 enim
1984 1207 2135 1282 iure
2168 1211 2303 1313 Ar:-

214 1328 533 1428 givomm
569 1346 809 1425 regem
841 1302 1315 1418 interfecisse,
1359 1329 1484 1427 qui
1518 1326 1708 1429 apud
1742 1324 2069 1399 Aulidem
2102 1302 2301 1428 Ipbi·

216 1444 496 1546 geniam
547 1442 993 1517 mactavisset
1034 1453 1117 1512 ut
1166 1441 1453 1515 Graecis
1490 1455 1565 1516 et
1606 1444 1924 1519 Menelao
1963 1447 2302 1543 gratifica-²

211 1576 441 1655 retur,
489 1586 726 1664 neque
760 1558 975 1633 ullam
1016 1557 1310 1633 infelicis
1351 1559 1602 1631 matris
1653 1560 2069 1659 paternique
2102 1583 2299 1635 amo-³

209 1679 312 1753 ris
363 1679 716 1753 rationem
772 1676 1152 1751 habuisset.
1255 1672 1537 1748 Electra
1562 1730 1584 1763 ,
1629 1675 1829 1747 venia
1876 1692 2165 1776 accepta
2216 1669 2302 1752 ul:

208 1794 436 1871 libere
493 1793 668 1896 qui-‚l
711 1797 972 1871 sentiat
1028 1796 1432 1896 eloquatur,
1511 1792 1827 1892 primum
1886 1793 2298 1894 Iphigeniae

205 1940 462 1990 necem
493 1915 760 1990 Dianae
796 1913 1244 1991 tribuendam
1274 1927 1427 1983 esse
1462 1908 1801 1985 ostendit:
1854 1909 2063 1986 huius
2098 1914 2295 1988 enim

208 2036 407 2109 iussu
479 2046 796 2135 patrem,
864 2059 1010 2107 non
1059 2046 1354 2134 sponte,
1428 2031 1558 2104 sed
1622 2030 1955 2122 invitum,
2026 2031 2293 2134 diuque

209 2149 679 2240 reluctatum,
730 2149 948 2223 filiam
1007 2176 1210 2223 suam
1259 2140 1681 2218 immolasse.
1776 2146 2053 2223 Deinde
2119 2166 2291 2223 vero

212 2290 448 2372 neque
495 2266 608 2341 vel
657 2264 846 2339 banc
896 2267 1106 2340 fuisse
1147 2263 1689 2380 Agamemnonis
1731 2264 1965 2338 caedis
2006 2273 2292 2377 causam

209 2383 580 2485 significat.
682 2384 940 2488 Neque
993 2386 1189 2458 enim
1238 2356 1900 2484 Clytaemnestram,
1947 2395 2031 2454 ut
2073 2358 2289 2458 filiam

204 2506 710 2615 ulcisceretur,
764 2531 931 2580 cum
979 2503 1334 2595 adultero,
1403 2500 1790 2603 eodemque
1841 2499 2122 2573 sceleris
2180 2524 2292 2573 so·

206 2624 359 2714 cio,
410 2622 897 2712 consuevisse,
960 2635 1034 2695 et
1071 2617 1326 2695 liberos
1358 2631 1793 2737 profiteare,
1844 2619 2018 2694 dum
2066 2617 2292 2720 legiti-

203 2766 362 2817 mos
418 2738 959 2844 Agamemnonis
1001 2736 1262 2849 liberos
1304 2717 1572 2832 eiiciat,
1639 2738 1908 2844 eisque.
1927 2714 2290 2810 dominam

203 2860 427 2960 magis
484 2883 703 2961 qnam
763 2871 1067 2932 matrem
1122 2883 1199 2930 se
1262 2858 1621 2960 praebeat.
1744 2833 2021 2952 Quibus
2079 2846 2289 2929 dictis

209 2983 561 3053 commota
608 2977 846 3079 regina
897 2975 1301 3052 iracundiae
1349 2977 1714 3078 indulget,
1761 2990 1968 3078 atque
2011 2954 2288 3076 probris

209 3092 679 3192 conviciisque
723 3092 938 3165 filiam
973 3096 1459 3193 persequitur,
1513 3110 1587 3169 et
1619 3035 1948 3168 audaciae
1974 3098 2291 3197 poenas,

208 3208 422 3320 simul
467 3213 555 3282 a'c
601 3209 967 3309 Aegisthus
1023 3187 1346 3304 redierit,
1409 3197 1670 3288 infelici
1729 3207 1987 3309 virgini
2019 3206 2295 3282 solven-

215 3304 344 3404 das
382 3328 716 3434 minatur.

309 3421 660 3562 Frugibus
693 3443 955 3520 deinde
990 3423 1296 3548 Apollini
1332 3389 1719 3537 sacrificat,
1763 3456 2063 3546 votaque
2112 3454 2294 3516 tecte

215 3571 289 3674 e't
338 3563 636 3640 obscure
686 3580 1083 3668 nuncupat,
1155 3593 1382 3670 quum
1445 3575 1684 3670 aperte
1753 3565 1947 3664 loqui
2053 3571 2298 3660 ropwr

213 3661 570 3759 Electram
600 3688 942 3759 vereatur.
1044 3686 1281 3794 Deum
1314 3711 1482 3760 vero
1505 3743 1524 3777 ,
1574 3711 1791 3789 quem
1830 3682 1976 3756 nih
2041 3681 2252 3756 lateat
2273 3730 2296 3774 ,
2330 3752 2334 3757 .

216 3815 547 3902 precatur
600 3815 680 3876 ut
728 3804 854 3897 iis,
904 3831 1086 3906 quae
1146 3805 1383 3879 animo
1448 3805 1590 3879 iam
1648 3799 1898 3905 agitat,
1948 3801 2301 3908 propitius

226 3914 502 3993 felicem
547 3919 809 3998 tribuat
853 3936 1206 4001 eventum.

1376 4043 1441 4117 P
2167 4039 2304 4111 Ac⁴
