2760 4725
1014 279 1550 357 ...123-

221 473 568 549 Orestem
626 473 997 577 parvulum
1063 501 1104 549 a
1165 501 1333 550 sene
1393 471 1793 576 paedagogo
1852 472 2035 550 clam
2064 495 2073 503 ·
2099 478 2312 557 fuisse

219 594 668 669 subductum
709 592 1175 692 Strophioque
1211 592 1564 675 Phocensi
1622 590 1983 668 traditum.
2096 595 2311 672 Elec-

217 726 422 786 tram
475 724 708 785 autem
782 708 860 781 iu
915 707 1203 784 aedibus
1259 712 1509 811 patriis
1574 710 1910 783 mansisse
1930 764 1955 801 ,
2018 712 2312 801 multos-

217 855 372 929 que
414 851 668 929 procos
723 828 871 901 eius
921 829 1206 928 nuptias
1257 830 1515 903 frustra
1572 822 1933 915 ambiisse,
1981 851 2117 900 nec
2163 831 2317 917 cui-

221 971 451 1049 quam
508 944 702 1021 illam
757 943 848 1019 ab
905 946 1244 1046 Aegistho
1297 944 1721 1045 desponsam
1787 944 2040 1036 fuisse,
2117 948 2312 1047 quod

214 1073 576 1136 metueret
611 1083 708 1135 ne
747 1059 972 1137 nobili
1021 1075 1096 1135 et
1151 1062 1425 1163 potenti
1470 1061 1722 1135 marito
1775 1058 1954 1135 filios
1994 1078 2311 1163 pareret,

209 1178 768 1278 Agamemnonis
806 1176 1081 1255 futuros
1123 1177 1407 1255 ultores.
1501 1173 1821 1251 Tandem
1864 1205 2031 1256 vero
2068 1183 2313 1282 Aegis-

219 1296 434 1371 thum
454 1352 474 1387 ‚
522 1319 682 1368 eam
735 1323 776 1370 a
821 1312 1047 1373 matre
1089 1298 1450 1373 defensam
1499 1297 1822 1372 occidere
1875 1297 2133 1375 frustra
2183 1326 2307 1372 co-

217 1430 467 1489 natum
492 1472 514 1509 ,
579 1416 1018 1493 constituisse
1085 1415 1387 1523 pauperi
1446 1414 1729 1491 cuidam
1793 1436 1954 1494 eam
2002 1417 2309 1519 despon-

218 1533 436 1614 dere:

206 1692 241 1717 ''
563 1728 678 1809 ὡς,
726 1704 951 1791 &eme
992 1714 1156 1809 δοὺς
1204 1720 1413 1801 ἀσθενῆ
1461 1720 1629 1807 >aaz
1675 1714 1869 1816 ww·

220 1899 314 1974 Se
354 1904 792 1975 autemeoee
837 1897 1485 1993 hune-hominem,
1531 1923 1941 2000 pauperem.
1971 1899 2303 2000 quidem,

215 2013 353 2088 sed
395 2011 612 2087 nobili
655 2042 906 2113 genere
939 2031 1173 2091 ortum
1193 2073 1216 2107 ,
1268 2041 1483 2115 seque
1514 2017 1872 2094 Electram
1905 2014 2100 2093 domi
2140 2046 2308 2094 suae

213 2132 565 2205 intactam
618 2132 878 2207 habere
905 2188 926 2223 ,
976 2160 1020 2206 a
1072 2134 1274 2207 cuius
1315 2132 1583 2229 nuptiis
1628 2129 2083 2224 abstinuerit,
2133 2135 2308 2231 Aga-

215 2249 626 2323 memnonis
667 2248 1046 2323 memoriae
1092 2250 1516 2340 reverentia,
1566 2262 1640 2322 et
1693 2260 1895 2323 metu
1943 2271 2035 2319 ne
2093 2249 2306 2321 Ores-

213 2384 330 2444 tes
380 2368 750 2474 aliqumdo
807 2366 1032 2446 redux
1079 2366 1527 2476 indignarum
1578 2371 1987 2478 nuptiarum
2035 2393 2302 2472 poenas

207 2515 296 2563 ¹re
351 2502 594 2566 etei-et.
1788 2549 1799 2561 .

296 2515 642 2681 ΙΙ))ιό(>ε(1ὶι
687 2602 970 2682 Eleon-a
1018 2601 1353 2707 squalidis
1400 2603 1622 2694 comis
1648 2659 1670 2696 ,
1732 2602 2035 2680 sordidis
2091 2607 2299 2690 vesti-

207 2726 347 2801 'bus
387 2725 670 2814 induta,
722 2728 814 2799 cf.
860 2748 942 2799 ev.
987 2722 1119 2798 183
1143 2778 1162 2814 ,
1212 2749 1332 2797 vas
1385 2722 1875 2825 aquarium,in
1923 2725 2151 2826 capite
2194 2728 2300 2801 fe-

218 2869 399 2919 rens.
497 2827 807 2916 Labores
863 2842 1058 2915 enim
1109 2841 1346 2918 subire
1403 2867 1552 2919 non
1597 2853 1916 2936 recusam
1965 2842 2095 2917 sed
2136 2856 2298 2920 tan-

207 2988 426 3064 ·quam
479 2962 741 3035 rustica
806 2957 1066 3034 mulier
1121 2985 1248 3034 res
1313 2960 1733 3036 domesticas
1793 2983 2042 3032 curare
2078 2959 2298 3042 ,haud

219 3079 669 3180 dedignatur,
722 3091 805 3151 ut
854 3079 1123 3169 virum,
1176 3076 1562 3179 agrestibus
1615 3075 1851 3175 operis
1896 3077 2294 3170 intentum,

213 3212 555 3300 quantum
599 3193 819 3298 possit
869 3191 1205 3268 sublevet.
1322 3193 1637 3292 Pergunt
1688 3189 1901 3290 igitur
1959 3193 2138 3270 haec
2203 3196 2299 3273 ad

217 3341 465 3421 aquam
499 3339 585 3388 ex
628 3315 818 3387 fonte
860 3310 1318 3384 hauriendam
1336 3365 1358 3399 ‚
1409 3309 1525 3382 ille
1570 3308 1663 3381 ad
1705 3335 1929 3408 agros.

305 3431 605 3510 Accedit
662 3431 805 3504 iam
851 3456 1020 3508 eum
1087 3426 1348 3528 Pylade
1399 3426 1895 3528 nonnullisque
1967 3429 2246 3505 famulis
2263 3488 2287 3526 ,

217 3577 288 3626 v.
323 3549 492 3649 392.
562 3573 732 3651 77⁰·
791 3549 984 3662 793,
1038 3547 1360 3639 OresteS,
1410 3559 1486 3620 et
1533 3546 1759 3619 amico
1816 3546 2104 3621 consilia
2154 3575 2281 3625 sua

217 3667 527 3768 exponit.
649 3665 739 3738 Se
784 3665 917 3741 hac
974 3678 1182 3740 nocte
1232 3666 1453 3767 patris
1515 3662 1921 3765 sepulcrum
1961 3665 2289 3768 lacrymis

219 3782 563 3885 comisque
623 3784 767 3856 suis
825 3797 899 3857 et
951 3779 1113 3883 agni
1165 3782 1502 3882 sanguine
1553 3780 1953 3856 honorasse.
2071 3785 2289 3885 Apol-

193 3900 388 3980 dinis
412 3902 604 3980 euim
649 3899 1091 3996 oraculorum
1113 3899 1542 4008 ,auctoritate
1587 3925 1662 3976 se
1718 3902 1989 3980 venisse
2028 3903 2120 3979 ad
2157 3905 2289 3978 do-

1232 4019 1302 4111 Q
1356 4045 1399 4093 2
2093 4047 2278 4096 mes-
