2760 4725
1081 356 1627 434 -225-

271 554 805 647 contentionem
858 552 1130 656 possint
1166 553 1431 629 venire.
1558 550 1776 627 Cuius
1834 550 2163 629 carminis
2212 554 2365 633 sin·

268 672 468 771 gulas
530 673 775 749 laudes
841 696 1209 763 recensere
1235 729 1256 765 ‚
1330 671 1511 745 foret
1570 670 1852 772 ineptae
1918 671 2358 753 temen'tafis.

265 790 523 893 Neque
558 791 752 865 enim
791 789 1022 892 poesis
1072 789 1415 893 analytica
1457 784 1730 863 ratione
1770 788 2200 865 considerari
2226 788 2360 864 de-

265 904 391 985 bet
414 965 437 1002 ,
489 935 671 1012 quae
720 907 796 981 in
841 907 1176 983 orationis
1230 908 1657 1008 argumentis
1700 904 2179 1007 ponderandis
2220 930 2358 986 um

265 1028 485 1102 venit.
588 1025 802 1128 Atqui
848 1022 929 1097 in
958 1024 1114 1100 loco
1157 1038 1400 1101 nostro
1440 1025 1583 1097 sive
1626 1038 2115 1125 argumentum
2131 1083 2171 1123 ι
2205 1026 2353 1102 sive

259 1170 508 1221 rerum
554 1144 907 1234 ordinem,
935 1122 1122 1218 ”sive
1180 1142 1396 1217 animi
1441 1142 1728 1217 affectus
1749 1200 1769 1233 ,
1820 1142 1965 1217 sive
2014 1144 2351 1223 orationis

258 1259 538 1337 dolores
562 1319 584 1355 ,
632 1262 779 1338 sive
842 1261 988 1335 vim
1042 1262 1377 1361 tragicam
1403 1316 1425 1354 ,
1486 1261 1633 1333 sive
1683 1258 1968 1362 pulchri
2027 1286 2304 1336 sensum
2324 1316 2353 1355 ,

257 1375 405 1450 sive
443 1376 750 1479 denique
786 1385 1082 1477 poe'seos
1122 1376 1655 1466 sublimitatem,
1706 1393 1829 1454 aut
1859 1380 2186 1455 dictionis
2223 1404 2346 1455 ex·-

256 1495 590 1597 quisitam
627 1523 868 1573 curam
890 1552 912 1590 ,
965 1495 1076 1570 vel
1120 1496 1524 1573 artificiosas
1560 1497 2010 1599 stropharum
2045 1524 2344 1600 respon-

254 1616 490 1689 siones
538 1643 827 1720 quaeras
847 1671 868 1706 ‚
941 1613 1134 1687 omni
1180 1611 1471 1687 laudum
1527 1638 1774 1713 genere
1832 1636 2121 1688 carmen
2160 1611 2342 1686 illud

254 1731 448 1806 inter
509 1733 980 1835 pulcherrima
1053 1734 1362 1808 Graecae
1423 1729 1817 1832 tragoediae
1876 1743 2340 1806 monumenta

251 1848 705 1927 referendum
769 1864 896 1925 est.
1022 1848 1271 1924 Totius
1332 1848 1606 1924 fabulae
1681 1858 2174 1947 argumentum
2246 1872 2335 1921 eo

252 1968 700 2043 continetur:
749 1969 1293 2067 Agamemnonis
1341 1967 1681 2044 memoria
1739 1965 2118 2040 excitatur:
2169 1990 2339 2040 nar·

249 2095 451 2159 ratur
479 2085 630 2159 eius
671 2086 958 2162 caedes:
1011 2099 1458 2189 exponuntur
1508 2110 1969 2189 quaecunque
2008 2084 2336 2185 indigna·

249 2200 522 2276 tionem
589 2226 871 2277 movere
933 2208 1243 2307 possint:
1319 2205 1550 2296 futura
1608 2203 2042 2302 significatur
2102 2200 2278 2277 ultio
2307 2257 2334 2295 ,

249 2330 439 2394 tecte
476 2319 787 2421 primum
809 2378 829 2412 ‚
879 2342 1044 2397 mox
1086 2334 1354 2423 aperte.
1456 2320 1671 2394 Chori
1719 2317 2131 2421 praesertim
2167 2343 2333 2421 par-

249 2446 356 2509 tes
374 2437 918 2538 prudentissime
959 2440 1410 2517 distributae:
1452 2441 1737 2515 Orestes
1763 2437 2181 2513 admonetur
2195 2437 2331 2512 eri-

247 2555 435 2650 gitur
461 2612 480 2647 ,
531 2558 1023 2649 confirmatur,
1078 2557 1438 2640 excitatur.
1564 2556 1882 2654 Eodem,
1932 2555 2328 2638 admirabili

235 2672 726 2779 progressione
747 2707 792 2770 ,·
816 2677 1120 2753 tendunt
1169 2680 1463 2756 omnia.-

775 2867 914 2938 θεῶν
957 2880 1070 2938 τῶν
1116 2872 1264 2938 κατά
1310 2882 1418 2962 γᾶς
1461 2867 1548 2940 ἴδ’
1585 2869 1785 2986 &uvae-5

199 3064 210 3073 ·
335 3027 668 3129 'Aeschyli
715 3029 952 3106 locum
995 3034 1249 3111 imitati
1293 3048 1461 3110 sunt
1507 3033 1887 3133 Sophocles
1929 3045 2001 3105 et
2033 3031 2327 3133 Euripi-
2346 3048 2363 3062 '

239 3145 366 3222 des
411 3150 603 3249 apud
651 3175 828 3254 quos
869 3150 1227 3227 Electram
1273 3151 1494 3226 luctui
1539 3147 2024 3246 indulgentem
2072 3174 2321 3223 conso-

233 3260 366 3336 lari
421 3278 717 3340 conatur
771 3269 1072 3349 Chorus.
1197 3270 1417 3374 Atqui
1471 3267 1832 3368 utriusque
1871 3273 2122 3366 poetae
2171 3292 2321 3340 car·
2360 3277 2368 3285 ‘

95 3437 102 3440 -
231 3405 403 3456 men
454 3383 629 3458 illud
652 3440 674 3478 ,
723 3389 853 3462 etsi
905 3388 997 3464 ad
1044 3387 1499 3492 Aeschyleam
1552 3387 1697 3464 vim
1748 3387 1956 3461 istam
1999 3403 2146 3455 non
2191 3407 2315 3454 ac-

232 3497 429 3572 cedit
448 3556 469 3592 v
538 3505 857 3605 Proprias
929 3505 1167 3585 tamen
1221 3508 1437 3585 habet
1489 3507 1733 3586 laudes
1761 3564 1783 3602 ,
1855 3524 2109 3601 easque
2164 3509 2321 3570 tan-

235 3627 345 3690 tas
364 3674 385 3709 ‚
434 3635 515 3693 ut
563 3634 941 3729 utrumque
985 3626 1546 3729 pulcherrimum
1585 3649 1734 3700 esse
1770 3619 2116 3696 affirmare
2165 3638 2318 3687 non

233 3734 556 3814 dubitem
580 3796 602 3828 ι
685 3743 903 3818 modo
980 3774 1144 3826 cum
1212 3743 1595 3848 Aeschyleo
1659 3766 1804 3815 non
1891 3735 2313 3811 conseratur.

229 3851 964 3937 ‘Animadvertendum
1019 3881 1125 3942 est
1182 3868 1394 3942 etiam
1455 3864 1806 3938 diversum
1869 3856 1961 3933 ab
2008 3855 2318 3956 Aeschy-

235 3969 310 4053 lo
374 3971 588 4054 fuisse
646 3978 1012 4086 Sophoclis
1056 3997 1128 4061 et
1177 3980 1541 4083 Euripidis
1596 3976 1990 4068 consilium.
2100 3970 2316 4076 Apud
