2760 4725
957 304 1502 385 ...1oe.-

179 500 504 579 nimubto
546 503 790 607 luctu,
838 512 913 573 et
953 499 1170 602 quasi·
1193 500 1929 604 necessitati-ondens,
1977 538 2281 607 mm

175 623 654 723 suspicionem
705 633 1060 697 removeat
1079 668 1102 714 ·,
1171 646 1253 695 v.
1308 621 1519 715 1460.
1656 627 1801 705 Sed
1852 657 1995 734 quo
2044 634 2273 733 magis,

178 740 401 825 animi
434 753 663 814 motus
691 763 894 839 aegre
927 737 1300 840 repressit,
1335 764 1423 813 eo
1452 745 1759 844 apertius
1780 805 1801 841 ‚
1838 774 2061 851 quum
2092 774 2271 827 eum

174 872 481 934 mortem
523 861 820 959 effugere
871 884 1019 932 non
1066 882 1271 960 posse
1323 858 1558 937 videat
1581 919 1605 953 ,
1665 890 1905 940 veram
1951 864 2273 945 indolem

175 974 442 1076 prodit.
548 978 840 1054 Nullam
895 978 1377 1052 defensionem
1416 977 1763 1073 admittit,
1832 1009 2064 1087 neque
2113 986 2267 1059 eius

173 1105 405 1165 morte
449 1108 780 1170 contenta
823 1108 971 1187 est,
1039 1095 1169 1170 sed
1230 1096 1631 1197 sepulturae
1687 1100 1901 1173 etiam
1954 1100 2262 1175 honores

177 1207 248 1280 ei
289 1224 497 1308 negat
515 1268 534 1302 ‚
603 1226 688 1286 ut
731 1213 872 1290 hoc
933 1241 1218 1318 quoque
1279 1214 1632 1294 malorum
1688 1214 2025 1293 solamine
2071 1215 2266 1293 frua·-

174 1335 296 1401 tul'
314 1379 336 1418 ²
382 1353 462 1402 v·
524 1327 734 1426 1485·

955 1511 1030 1600 ὦς’
1075 1522 1196 1612 aaz
1239 1515 1355 1591 τόδ’
1396 1506 1468 1591 ἄν
1514 1528 1703 1596 ms„

618 1630 780 1727 μδνον
821 1639 1024 1732 γένοιτο
1070 1650 1182 1707 τῶν
1227 1639 1407 1705 πάλαι
1454 1639 1726 1734 lut-ripn».

177 1810 418 1904 Ilaec,
469 1811 607 1888 nisi
639 1813 878 1905 fallor,
929 1824 1038 1886 est
1074 1812 1441 1913 Sophoclis
1477 1813 1777 1893 Electra.
1876 1816 2064 1894 Illud
2101 1842 2266 1893 sane

181 1930 262 2005 in
313 1930 449 2006 hac
485 1932 913 2032 expositione
955 1932 1302 2031 quaesivi,
1350 1948 1435 2008 ut
1475 1962 1627 2012 non
1655 1938 1846 2038 quod
1885 1939 2036 2041 ipse
2075 1966 2273 2014 som-

177 2051 484 2123 niassem
518 2050 848 2150 Sophocli
891 2049 1271 2124 tribuerem
1290 2105 1311 2140 ,
1357 2078 1496 2142 nec
1539 2054 1761 2154 qualis
1808 2056 1957 2130 esse
2003 2062 2275 2159 potuis·-
2412 2064 2419 2073 ’

183 2181 296 2241 set
327 2167 608 2241 Electra
631 2166 1116 2259 ostenderem3
1168 2168 1294 2241 sed
1314 2171 1549 2270 potius
1589 2182 1670 2243 ut
1708 2171 2074 2271 Sophoclis
2111 2202 2283 2251 con-

183 2285 426 2364 silium
455 2313 542 2362 ex
589 2286 818 2362 verbis
858 2300 930 2361 et
960 2286 1320 2362 sententiis
1344 2344 1363 2379 ,
1416 2312 1590 2390 quas
1635 2286 1771 2388 ipsi
1799 2287 2042 2366 tribuit
2068 2291 2277 2369 Elec-

181 2420 336 2480 trae
360 2462 382 2495 ,
441 2406 807 2507 diligenter
849 2407 1269 2507 colligerem.
1378 2404 1610 2479 Huius
1647 2429 1988 2507 personae
2043 2431 2278 2483 mores

180 2525 388 2616 nnssti
431 2523 678 2602 acerbe
716 2523 1369 2625 reprehenderunt,
1438 2523 1643 2598 multi
1684 2526 1977 2600 summis
2015 2527 2280 2601 extulea

181 2657 351 2719 runt
372 2643 719 2718 laudibus.
821 2642 1124 2743 Utrique
1161 2643 1449 2716 fortasse
1486 2641 1862 2717 studiosius
1908 2669 2123 2744 quam
2147 2670 2275 2718 ve-

182 2761 351 2836 rius.
450 2762 724 2837 Nostris
757 2759 1044 2861 quidem
1077 2758 1393 2834 moribus
1426 2784 1574 2831 non
1612 2757 2032 2858 probaretur
2073 2762 2276 2836 Elec-

185 2894 327 2971 tra;
397 2880 523 2953 sed
575 2904 722 2952 non
781 2875 987 2953 nobis
1019 2933 1039 2967 ,
1111 2900 1359 2950 verum
1396 2874 1949 2950 Atheniensibus
1992 2878 2279 2980 scripsit

183 2996 565 3099 Sophocles
586 3051 606 3085 ,
657 2992 914 3094 quibus
953 3015 1122 3064 sane
1157 2990 1331 3064 haec
1368 2993 1722 3092 tragoedia
1760 2992 1934 3068 adeo
1967 2995 2233 3094 placuit
2252 3053 2275 3089 ,

184 3132 269 3194 ut
294 3144 453 3192 eam
487 3105 813 3190 victoriae
851 3105 1168 3208 praemio
1204 3121 1559 3180 ornarent.
1621 3109 1779 3201 Qua
1816 3111 1894 3180 in
1922 3135 2002 3181 re
2037 3124 2280 3185 utrum

187 3233 417 3311 nostri
482 3229 822 3331 temporis
890 3223 1260 3300 hominum
1325 3213 1419 3296 an
1490 3248 1655 3296 vero
1741 3223 2280 3328 Atheniensium

185 3350 473 3429 maioris
525 3345 862 3449 ponderis
901 3343 995 3418 sit
1043 3341 1382 3417 iudicium
1402 3400 1420 3434 ,
1473 3342 1803 3445 equidem
1844 3368 1988 3416 non
2035 3345 2278 3421 decer·-

185 3496 381 3546 ιιαῑιι.
501 3465 714 3560 Quod
777 3479 1014 3539 autem
1070 3487 1284 3561 supra
1308 3517 1326 3549 ,
1396 3459 1474 3533 in
1522 3460 1731 3534 huius
1776 3471 1833 3564 ς.
1884 3462 2276 3564 principie,

188 3590 509 3663 universe
559 3585 650 3658 de
703 3580 1068 3683 Sophoclis
1114 3599 1576 3683 personarum
1628 3582 1945 3657 moribus
1989 3590 2278 3679 monui,

185 3708 366 3783 illud
412 3707 547 3781 hoc
587 3703 801 3777 etiam
845 3699 1003 3776 loco
1067 3699 1451 3775 dicendum
1514 3714 1645 3774 est.
1770 3701 1942 3775 Non
2000 3703 2092 3778 ad
2149 3703 2283 3777 hu-

186 3850 442 3914 manae
459 3836 745 3895 naturae
770 3818 1138 3892 veritatem
1157 3817 1477 3891 Electrae
1495 3842 1661 3891 suae
1687 3840 1921 3889 mores
1956 3835 2278 3895 accurate

185 3942 530 4049 expressit
569 3949 778 4046 potita
810 3997 830 4036 ‚
882 3936 1009 4017 sed
1058 3921 1399 4034 maiorem
1453 3960 1611 4015 eam
1656 3929 1924 4040 effingit
1975 3964 2136 4013 cum
2177 3939 2281 4012 vi-

1310 4053 1385 4144 Y.
2130 4058 2242 4133 111³
2264 4112 2285 4147 2
