2760 4725
1205 344 1305 375 ..-
1403 303 1553 383 fflss
1643 343 1747 367 -·

456 516 721 602 nonem
771 504 990 606 impie
1043 502 1480 578 trucidasset.
1581 499 1855 576 Orestis
1928 513 2123 574 metu
2154 557 2177 594 ‚
2229 515 2305 577 et
2344 497 2553 587 abnez

459 629 630 730 quio
667 624 785 699 illo
806 679 826 715 ,
879 650 1022 725 quo
1073 623 1405 698 mulieres
1439 624 1509 696 ei
1550 623 1800 697 cedere
1836 620 2117 710 solent,
2170 648 2384 723 quem
2420 631 2553 694 aut

461 757 741 839 amant,
811 755 935 816 aut
976 741 1352 845 aliquando
1402 753 1765 831 amarunt,
1838 739 2171 837 Aegistho
2222 740 2550 812 resistere

461 889 613 957 non
648 871 912 962 potest,
965 859 1280 963 adeoque
1319 859 1559 933 liberis
1601 859 1743 930 suis
1780 856 2176 931 adulterum
2217 858 2552 958 praefert,

461 977 593 1053 sed
629 979 727 1051 ita
760 989 999 1052 tamen
1033 992 1118 1052 ut
1147 1004 1226 1051 se
1266 990 1568 1049 matrem
1616 1001 1766 1049 esse
1821 1005 1969 1054 non
2004 977 2214 1077 plane
2268 974 2556 1049 oblivis-

469 1109 696 1173 catur.
811 1094 999 1171 Hinc
1077 1097 1435 1171 Electram
1490 1094 1633 1167 iam
1694 1107 1895 1168 antea
1950 1093 2269 1191 Aegisthi
2334 1086 2559 1164 furori

471 1213 876 1315 eripuerat,
926 1211 1099 1287 hinc
1141 1215 1354 1287 etiam
1408 1213 1557 1285 cius
1602 1213 1917 1286 miserias
1965 1210 2223 1285 deinde
2270 1210 2567 1310 lugetet

470 1331 865 1409 miseratur.
965 1329 1208 1404 Scelus
1260 1330 1708 1405 commiserat
1759 1334 2042 1432 ingens,
2093 1329 2282 1429 gravi
2332 1352 2565 1429 poena

475 1446 933 1543 solvendum:
983 1472 1118 1523 nec
1167 1473 1455 1523 necesse
1508 1446 1819 1522 hahebat
1854 1456 2065 1550 poeta
2104 1460 2189 1520 ut
2222 1472 2383 1520 eam
2413 1471 2569 1518 ma-

479 1570 586 1670 gis
636 1566 975 1643 nefariam
1017 1567 1365 1666 proferret
1409 1578 1487 1639 et
1546 1564 1921 1660 odiosum,
1998 1580 2121 1640 aut
2170 1565 2396 1640 scelus
2440 1561 2569 1637 ad-

481 1686 776 1787 dentem
806 1682 1089 1760 sceleri:
1142 1695 1214 1757 ct
1248 1682 1386 1757 hoc
1434 1681 1669 1781 ipsum
1715 1682 1911 1784 quod
1942 1683 2011 1757 ei
2054 1698 2377 1786 superest
2412 1710 2573 1756 ma-

481 1804 672 1880 terni
705 1801 1000 1892 amoris,
1050 1799 1387 1898 tragicam
1427 1800 1648 1899 magis
1706 1800 1942 1875 reddit
1981 1815 2287 1877 mortem
2327 1802 2574 1874 matris

487 1947 532 2017 ξι
560 1918 795 1993 liberis
827 1917 970 1991 suis
1011 1926 1325 1990 necatae.
1426 1917 1515 1990 In
1560 1916 1699 1993 hoc
1750 1919 1965 1994 etiam
2025 1918 2573 2022 prudentisdme

492 2040 639 2135 egit
701 2035 1078 2137 Euripides
1137 2033 1335 2136 quod
1404 2036 1828 2134 Aegisthum
1872 2040 2385 2138 spectatoribus
2422 2064 2573 2113 non

498 2152 796 2247 obtulit,
846 2151 975 2229 sed
1036 2180 1080 2229 a
1133 2179 1348 2227 scena
1398 2154 1697 2229 removit
1727 2208 1750 2249 ‚
1811 2156 2101 2257 eiusque
2160 2156 2365 2232 caedi
2420 2154 2581 2258 pul-

502 2271 750 2371 chram
805 2267 1169 2345 substituit
1213 2274 1713 2347 nan-ationem.
1825 2273 2194 2349 Eiusmodi
2242 2275 2436 2349 enim
2474 2287 2584 2353 est

489 2388 818 2489 ,Aegisthi
855 2412 1160 2490 persona
1191 2404 1276 2465 ut
1333 2393 1695 2468 neminem
1730 2419 2013 2469 movere
2046 2393 2311 2492 possit,
2358 2417 2581 2494 eoque

500 2508 727 2610 magis
761 2507 955 2609 quod
997 2509 1146 2588 eiua
1193 2532 1387 2583 mors
1422 2509 1705 2584 nullius
1743 2509 1837 2584 sit
1879 2510 2262 2601 momenti,
2312 2509 2380 2582 si
2426 2533 2586 2583 cum

507 2624 1101 2730 Clytaemestrae
1147 2624 1362 2699 caede
1414 2642 1863 2728 comparetur
1900 2658 1919 2702 ε
1994 2629 2314 2730 adeoque
2372 2626 2587 2701 inuti-

507 2740 655 2820 lem
718 2742 798 2815 in
848 2736 1290 2841 ChoEphoris
1339 2768 1722 2843 personam
1772 2745 1917 2846 agit
1952 2746 2326 2846 Aegisthus
2352 2803 2373 2837 ‚
2422 2744 2587 2819 ridi-

514 2860 750 2960 culam
799 2861 947 2934 fere
1001 2857 1082 2932 in
1125 2859 1495 2962 Sophoclis
1536 2863 1856 2938 Electra:
1907 2888 2088 2963 quae
2126 2878 2272 2939 tota
2321 2862 2588 2964 Sopho-

517 2979 647 3059 clis
714 2978 987 3055 fabulae
1044 2975 1293 3054 ultima
1348 3002 1562 3054 scena
1604 3036 1625 3074 ‚
1683 2981 1972 3082 languet
2038 2996 2113 3057 et
2159 2982 2402 3081 friget,
2470 2991 2585 3070 et,

517 3126 744 3205 quum
766 3099 1003 3174 omnia
1037 3121 1217 3198 quae
1271 3094 1555 3198 pulchri
1598 3124 1881 3174 sensum
1943 3113 2065 3174 aut
2096 3113 2438 3174 ten-orem
2483 3122 2593 3171 ex·

517 3218 738 3300 eitam
783 3217 1055 3319 possint
1090 3218 1166 3290 in
1196 3214 1781 3316 praecedentibus
1831 3217 1973 3291 iam
2034 3218 2367 3292 exhausta
2413 3219 2589 3310 sint,

520 3339 625 3422 ita
669 3334 944 3410 adiecta
973 3321 1126 3426 est.
1175 3345 1256 3407 ut
1280 3379 1326 3426 ,·
1351 3346 1683 3435 tanquam
1720 3335 2131 3435 splendidae
2171 3336 2351 3409 vesti
2391 3335 2595 3411 adsu-

423 3481 428 3488 ·
523 3469 639 3532 tus
688 3481 998 3556 pannus,
1046 3452 1441 3553 tragoediae
1488 3455 1705 3528 finem
1749 3453 2149 3531 dedecoret.

622 3575 905 3651 Rustici
947 3573 1160 3648 etiam
1219 3586 1295 3645 et
1343 3573 1547 3648 Senis
1594 3597 1826 3645 mores
1864 3574 2219 3648 verissime
2260 3574 2594 3675 expressit

528 3692 944 3794 Euripides.·
1036 3690 1177 3767 Hic
1219 3689 1365 3791 (1)
1426 3689 1741 3791 prudens
1800 3704 1877 3768 et
1931 3705 2180 3769 cautus
2209 3747 2230 3783 ‚
2285 3691 2589 3784 Orestis,

2490 3833 2599 3884 em

595 3959 625 4032 (
648 3958 716 4032 ι)
767 3955 952 4016 senex
984 3951 1085 4019 ille
1115 3956 1481 4036 paedagogus
1514 3957 1589 4016 ab
1620 3956 1901 4038 Euripide
1926 3957 2264 4025 insen-mauu
2290 3834 2601 4021 eaequvidc-

2501 4055 2597 4111 tur
