2760 4725
1009 354 1517 468 :...fl'o'.·.-.⁴

203 606 397 692 gum
465 586 950 689 Agamemnon
970 641 994 678 ‚
1059 594 1212 660 erat
1280 582 1507 661 nostri
1576 554 1913 684 temporis
1976 581 2125 658 Rex
2184 608 2307 659 re·

210 730 409 808 gum.
507 711 874 782 Praeterea
929 728 1109 804 quae
1154 704 1504 775 Homerus
1557 699 1773 771 tradit
1817 712 1984 771 sunt
2032 700 2309 799 simpli-

212 824 498 899 cissima
523 877 544 915 ,
613 836 686 897 et
725 823 875 895 veri
923 820 1396 895 similitudinis
1455 820 1665 892 etiam
1719 817 1924 892 laude
1968 842 2045 889 se
2102 842 2307 890 com-

213 943 582 1017 mendant.
679 940 1069 1042 Aeschylus
1115 964 1339 1045 quum
1396 939 1534 1014 hoc
1589 939 1745 1015 loco
1791 937 2115 1038 grandia,
2170 935 2307 1008 mi-

215 1059 465 1135 rubilia
511 1073 588 1133 et
634 1059 949 1134 inaudita
1000 1074 1557 1153 consectaretur,
1623 1056 1918 1133 ridicula
1961 1054 2308 1155 protulit,¹

218 1178 300 1252 in
353 1177 551 1281 quod
603 1179 656 1252 ii
698 1179 900 1254 facile
946 1177 1311 1270 incidunt,
1358 1178 1483 1279 qui
1538 1178 1751 1250 nimis
1790 1202 2044 1274 magna
2092 1187 2173 1246 et
2212 1173 2315 1247 al·

214 1308 290 1369 ta
335 1293 810 1371 conscendere
864 1311 1235 1373 conantur.
1351 1297 1725 1369 Praeterea
1779 1296 1857 1369 in
1921 1320 2006 1367 eo
2069 1292 2311 1394 lapsus

211 1427 326 1491 est
391 1413 788 1513 tragoediae
831 1428 1079 1515 pater,
1152 1414 1345 1515 quod
1400 1417 1653 1491 eodem
1710 1414 1827 1488 die
1892 1438 2034 1513 quo
2095 1410 2313 1485 Tmia

215 1546 430 1639 capta
471 1546 579 1606 est
626 1557 690 1608 ν.
728 1558 910 1635 270,
966 1537 1447 1633 Agamemnon
1500 1539 1717 1636 Argos
1758 1532 2036 1606 veniat:
2102 1540 2310 1629 prae-'-

211 1650 459 1723 sertim
504 1676 726 1751 quum
789 1650 1321 1751 tempestatibus
1388 1654 1607 1726 etiam
1648 1650 1983 1724 disiectus
2047 1648 2307 1740 fuerit,

211 1792 280 1841 ν.
333 1766 505 1842 636.
552 1794 754 1877 sqq.:
810 1770 1003 1871 quod
1047 1771 1189 1849 iam
1236 1783 1507 1843 veteres
1547 1769 1889 1870 quosdam
1916 1766 2308 1867 reprehen-

214 1882 401 1956 disse
455 1898 658 1960 notat
723 1885 962 1960 Schol.
1026 1888 1160 1960 ad·
1189 1891 1331 1988 Ag.
1401 1912 1465 1961 ν.
1515 1884 1683 1960 512.
1782 1889 2015 1989 Atque
2068 1887 2305 1961 maius

212 1999 392 2074 illud
439 2002 576 2077 suit
617 2002 867 2075 vitium
922 2001 1002 2073 in
1041 2016 1278 2076 vetere
1324 2004 1675 2105 tragoedia
1699 2061 1716 2092 ,
1768 2027 1983 2106 quam
2039 2004 2300 2076 nostris

218 2118 403 2189 foret
447 2117 787 2190 moribus.
885 2119 1119 2194 Hodie
1174 2123 1366 2193 enim
1419 2133 1780 2221 protracto
1834 2120 2077 2192 aulaeo
2114 2122 2306 2194 inter

213 2232 526 2333 singulos
582 2245 779 2306 actus
824 2235 1118 2337 quisque
1162 2250 1637 2335 spectatorum
1693 2249 2009 2326 tantum,
2082 2260 2308 2337 quan-

217 2361 372 2422 tum
413 2348 554 2451 ipsi
609 2347 886 2441 lubeat,
936 2351 1272 2452 temporis
1325 2352 1773 2430 intervallum
1831 2360 2301 2435 intercessisse

213 2469 348 2543 sihi
401 2471 662 2570 fingere
719 2482 990 2570 potest:
1041 2471 1144 2570 ef.
1193 2469 1465 2545 Sclzic'tz
1510 2479 1716 2552 Exc,
1756 2480 1821 2552 Ῑ.
1890 2481 1995 2552 ad
2032 2484 2299 2581 Agam.

195 2612 282 2684 p.
329 2585 500 2683 324.
597 2585 704 2660 Ea
755 2609 939 2688 quae
1004 2587 1096 2661 ad
1149 2587 1370 2689 ipsam
1436 2597 1977 2693 Agamemnonis
2047 2623 2304 2673 necem

211 2703 612 2806 pertinent,
662 2705 1046 2811 Aeschylus
1092 2709 1188 2782 ita
1233 2710 1634 2786 immutavit
1680 2727 1764 2787 ut
1824 2714 2006 2814 regis
2056 2715 2302 2791 interi-

209 2835 368 2896 tum
399 2822 780 2896 tristiorem
814 2825 1166 2921 efficeret,
1218 2842 1428 2938 atque
1475 2834 1873 2933 tragoediae
1930 2860 2096 2910 suae
2134 2838 2302 2910 uni-

208 2963 412 3012 verso
452 2938 748 3014 consilio
783 2944 1152 3051 aptiorem.
1255 2946 1431 3045 Regi
1468 2949 1832 3048 Aegisthus
1872 2948 2117 3024 obvius
2149 2980 2299 3027 non

212 3057 335 3144 fit,
405 3081 640 3167 neque
697 3081 903 3148 eum,
963 3074 1301 3161 tanquam
1355 3063 1640 3138 honoris
1686 3095 1927 3159 causa,
2003 3071 2298 3145 domum

207 3195 414 3252 suam
467 3171 793 3266 deducit3
846 3175 975 3247 sed
1039 3176 1592 3284 Clytaemnestra
1645 3185 1983 3259 simulatis
2039 3188 2298 3261 amoris

211 3290 427 3390 signis
465 3302 541 3364 et
575 3293 736 3365 ficta
766 3292 1226 3378 ¹submissione
1254 3321 1542 3372 omnem
1579 3302 1668 3375 ab
1703 3329 1785 3377 eo
1820 3303 2117 3378 removit
2144 3331 2297 3379 sus-

207 3411 600 3511 picionem,
633 3414 776 3518 Ag.
801 3439 866 3486 ν.
898 3416 1283 3513 829—887
1313 3473 1330 3505 ,
1372 3441 1675 3520 eumque
1714 3422 1790 3494 in
1827 3422 2045 3523 regias
2086 3423 2294 3498 aedes

206 3527 532 3618 deducit,
563 3526 660 3601 ib.
707 3535 881 3630 942.
929 3531 1181 3604 Marito
1221 3530 1482 3606 deinde
1509 3536 1583 3607 in
1616 3535 1866 3613 balneo
1896 3541 2119 3612 iniicit
2142 3542 2299 3641 pal-

206 3644 379 3723 lium
415 3645 772 3749 quoddam
812 3673 947 3721 nec
1006 3648 1253 3748 capitis
1299 3675 1435 3722 nec
1485 3677 1820 3727 manuum
1861 3656 2126 3731 exitum
2165 3659 2295 3733 ha-

207 3762 429 3854 bena,
483 3766 708 3864 ἄπειρον
739 3769 1693 3866 ᾀμφιβληστρονῶσπεριχθύων,
1748 3774 2142 3875 Ag.1355.
2199 3779 2295 3854 cf.

209 3877 522 3976 Choeplz.
561 3907 731 3981 992.
767 3908 916 3984 sq.,
969 3881 1305 3983 illumque
1342 3883 1479 3959 hoc
1507 3899 1607 3960 άτ
1582 3902 1768 3986 έρμονι
1805 3896 2023 3970 δαοδαίὶε
2005 3925 2053 3992 ῳ
2097 3906 2293 3998 πέπὶῳ

204 3996 598 4095 nmmum,
667 4003 979 4078 Eumen.
1039 3999 1238 4094 605,
1329 4005 1643 4104 Aegisthi
1704 4033 1915 4107 ense,
1968 4011 2287 4108 Choe'plt.

1307 4122 1344 4199 l
1392 4119 1438 4197 3
2060 4130 2280 4225 1006,
