2760 4725
968 366 1508 448 —179-

150 546 335 629 dine
391 578 472 629 se
543 557 1036 635 commendare
1063 617 1084 651 ,
1119 542 1332 667 x'quac
1388 578 1493 641 est
1556 568 1857 645 maxima
1928 566 2255 653 imitatio-

144 676 270 749 nis
313 672 499 749 laus.
2252 696 2262 711 ¹

244 790 449 868 Illud
495 792 702 869 multi
739 846 760 881 ,
826 791 1186 896 Euripidis
1237 824 1573 900 personas
1623 807 1936 885 acerbius
2001 826 2077 886 et
2118 812 2259 887 im&

132 907 574 1011 prudentius
633 911 1233 1011 reprehendentes
1260 973 1279 1007 ,
1335 922 1884 1001 animadvertere
1960 946 2079 1004 aut
2117 959 2248 1006 ne·-

136 1022 524 1124 glexerunt
565 1038 690 1100 aut
742 1026 1155 1102 noluerunt:
1206 1035 1396 1110 inter
1448 1066 1623 1139 quos
1691 1044 2114 1145 Schlegelius
2166 1052 2246 1133 in

127 1141 397 1241 primis
441 1142 520 1215 in
574 1150 862 1242 poetam
909 1159 1231 1221 nostrum
1287 1152 1659 1234 invehitur.
1762 1164 2010 1269 Neque
2052 1156 2249 1242 enim'

126 1262 376 1361 magni
409 1261 761 1337 momenti
815 1272 958 1351 est,
1010 1264 1203 1362 quod
1259 1268 1349 1343 de
1391 1274 1946 1374 effluenaenestra
1981 1299 2052 1357 et
2100 1276 2253 1361 Ae·¹

119 1376 416 1477 gis-clm,
471 1380 602 1475 Op.
653 1379 702 1449 l.
739 1378 808 1450 I.
846 1402 931 1473 p.
970 1379 1138 1473 266,
1190 1388 1729 1491 animadvertit,
1780 1400 1973 1474 hunc
2021 1400 2240 1475 hene-

122 1492 290 1569 vole
339 1494 681 1575 Orestem
725 1499 1050 1596 excipere
1079 1557 1098 1591 ,
1148 1502 1379 1594 illam,
1429 1514 1535 1604 οὐχ
1580 1510 1746 1599 σῧτωζς
1791 1516 1940 1616 ἄγειν
1978 1542 2087 1605 τοῖς
2138 1525 2249 1594 δε-“

123 1612 445 1710 &papius
483 1623 835 1709 χαᾲσυσαν,
877 1614 1092 1688 filiam
1127 1620 1351 1692 amice
1387 1623 1716 1726 adloqui,
1753 1632 1987 1734 itaque
2028 1634 2241 1712 Euri-¹

119 1728 390 1833 pidem
418 1726 663 1827 inepte
693 1730 1094 1810 auditorum
1116 1736 1635 1817 miserationem
1668 1771 1972 1822 movere.
2081 1754 2237 1829 Ete-

121 1844 290 1921 nim
331 1844 476 1920 hoc
521 1845 677 1946 ipso
713 1846 1092 1952 Euripides
1145 1853 1462 1954 Aegisthi
1509 1872 1584 1933 et
1640 1854 2249 1963 Clytaemnestra&

127 1987 380 2039 mores
453 1962 812 2042 verissime
856 1974 1199 2073 expressit
1221 1998 1247 2049 ε
1291 2002 1459 2050 nam
1501 2004 1712 2053 nemo
1755 1998 1861 2058 est
1900 1996 2044 2059 tam
2091 2006 2237 2062 mai

124 2083 249 2160 lus
274 2140 299 2176 ‚
349 2093 436 2158 ut
497 2109 643 2161 non
690 2084 921 2188 aliqua
989 2114 1077 2164 ex
1123 2104 1326 2193 parte
1374 2090 1605 2171 bonus
1660 2100 1758 2173 sit
1779 2159 1797 2195 ,
1857 2102 1962 2175 uti
2013 2106 2239 2177 nemo'

129 2217 296 2279 tam
368 2201 595 2277 bonus
656 2216 805 2296 est,
857 2206 1033 2309 quin
1099 2208 1367 2311 aliquid
1429 2212 1497 2286 ei
1554 2213 1719 2289 insit
1781 2216 1975 2290 vitii:
2031 2219 2237 2321 atqui

126 2321 579 2425 hospitalitas
613 2320 804 2423 apud
851 2334 1125 2398 veteres
1174 2336 1319 2400 tam
1389 2331 1781 2406 communis
1824 2347 2036 2440 atque
2068 2332 2235 2416 vul-²

127 2441 325 2541 garis
373 2451 528 2514 erat
563 2437 786 2512 virtus
816 2496 835 2530 ‚
886 2451 969 2516 ut
989 2440 1215 2550 'etium
1256 2442 1625 2542 Aegisthus
1674 2473 1830 2526 eam
1893 2459 2223 2533 exercere

121 2558 491 2663 potuerit,
542 2581 768 2661 eoque
793 2555 1019 2656 magis
1050 2555 1240 2658 quod
1271 2559 1368 2635 ita
1422 2563 1631 2641 simul
1677 2572 1941 2672 regiam
1994 2569 2219 2677 digni.'

127 2669 359 2750 tatem
396 2703 436 2750 a
464 2701 539 2751 se
574 2689 993 2778 occupatam
1037 2689 1297 2752 tuetur.
1399 2683 1614 2778 Qu'od
1656 2702 1891 2763 autem
1925 2690 2017 2766 ad
2056 2689 2221 2797 0154

126 2805 628 2868 taemnestram
710 2793 1011 2886 attinet,
1079 2819 1230 2867 non
1289 2822 1459 2873 sane
1510 2812 1658 2878 tam
1725 2810 2067 2886 nefariam
2135 2829 2211 2891 et

127 2910 450 2985 odiosam
491 2909 869 3012 Euripides
925 2935 1082 2984 eam
1131 2911 1450 2990 exhibuit
1478 2976 1499 3010 ‚
1568 2949 1783 3024 quam
1827 2930 2214 3029 Aeschylus

124 3039 203 3103 et
247 3026 680 3129 Sophocles:
745 3053 881 3102 nee
931 3031 1285 3105 commisit
1349 3045 1563 3135 poe'ta
1628 3037 2090 3144 philosophus
2132 3063 2214 3123 ut

121 3148 203 3221 in
243 3142 421 3220 illud
453 3145 697 3217 vitium
733 3143 1115 3241 incideret,
1166 3153 1361 3250 quod
1388 3154 1465 3227 in
1502 3160 1971 3232 recentiorum
1994 3168 2217 3237 maxi-¹

121 3289 246 3338 me
292 3261 542 3337 fabulis
600 3264 880 3363 saepius
928 3266 1389 3345 animadverti
1428 3289 1700 3376 potest,
1750 3287 1832 3347 ut
1888 3275 2212 3355 homines

125 3410 280 3460 non
327 3380 500 3455 boni
536 3381 933 3476 offerantur,
973 3387 1100 3461 sed
1122 3392 1437 3490 perficti
1459 3451 1479 3485 ‚
1528 3422 1664 3471 nec
1709 3392 1876 3467 mali
1914 3408 2157 3469 contra
2179 3456 2202 3490 ,

121 3499 253 3575 sed
296 3500 395 3575 ita
430 3499 629 3600 pravi
691 3512 766 3573 et
817 3501 1092 3576 scelesti
1115 3563 1134 3597 ,
1184 3523 1266 3583 ut
1328 3514 1535 3586 nulla
1588 3538 1875 3616 prorsus
1932 3515 2204 3589 virtutis

120 3619 414 3719 vestigia
496 3616 1033 3719 relinquantur:
1113 3626 1309 3728 quod
1391 3654 1558 3703 sane
1629 3629 2007 3705 ridiculum
2072 3651 2209 3727 esta

118 3735 486 3838 Euripidis
526 3738 739 3838 igitur
776 3736 1327 3838 Clytaemnestra
1363 3760 1509 3820 tam
1550 3753 1761 3820 caeco
1796 3771 2032 3825 amore
2068 3743 2203 3829 Aess

121 3852 431 3956 gisthum
491 3855 945 3956 prosequitur
971 3915 992 3950 ,
1073 3870 1156 3933 ut
1204 3863 1504 3937 nefarias
1564 3864 1845 3964 nuptias
1900 3895 2066 3945 cum
2115 3899 2201 3947 eo

120 3971 301 4051 inire
349 3995 499 4049 non
540 3969 636 4047 sit
677 3973 947 4073 νοτία,
993 3990 1370 4082 postquam
1422 3989 1778 4062 reversum
1830 3987 2202 4089 Agamem.

1217 4094 1274 4168 Z
1323 4120 1369 4171 2
2066 4125 2198 4179 uo·
