2760 4725
1018 308 1559 415 *1615-

211 542 753 625 ,nmnunquam
787 520 1164 599 studiosius
1186 552 1400 630 quam
1455 526 1683 605 verius
1708 585 1728 618 ‚
1780 527 1851 613 si
1886 528 2060 633 quid
2119 559 2318 611 erra·

232 645 374 735 vit,
429 642 602 716 illud
648 667 796 715 non
845 641 920 714 in
974 642 1260 732 vitium,
1309 645 1439 718 sed
1506 641 1585 716 in
1639 643 1920 725 laudem
1975 652 2313 728 conferat.

228 761 496 863 Atqui,
541 760 644 833 uti
689 758 886 831 iustis
934 757 1255 835 laudibus
1313 759 1684 835 detrahere
1744 776 1948 864 turpe
2007 778 2153 856 est,
2208 768 2308 841 ita

231 889 480 967 eontra
551 890 927 965 auctorem,
990 878 1296 979 aliquem
1387 904 1536 951 non
1622 891 1812 957 tanta
1910 885 2303 958 veneratio·

227 1021 326 1070 ne
393 995 726 1097 prosequi
792 1019 923 1069 nos
988 1008 1314 1096 oportere
1377 995 1699 1067 existimo
1732 1048 1754 1085 ,
1835 1010 1920 1070 ut
1981 998 2306 1075 laudibus

227 1124 502 1189 tantum
551 1136 719 1187 eum
765 1108 1241 1203 cumulemus,
1290 1112 1456 1187 vitia
1483 1162 1504 1203 ‚
1553 1112 1815 1215 quibus
1871 1112 2106 1190 nullus
2143 1143 2309 1191 auc-

223 1243 382 1323 tor,
448 1227 727 1305 nullum
791 1252 1014 1331 opus,
1083 1230 1273 1305 nulla
1339 1254 1453 1303 res
1514 1231 1822 1307 humana
1877 1248 2109 1327 caret,
2181 1250 2311 1313 aut

221 1368 374 1425 non
426 1344 786 1423 videamus
828 1403 852 1439 ‚
917 1360 1040 1423 aut
1104 1347 1532 1447 negligamus
1570 1405 1589 1440 ‚
1666 1363 1789 1423 aut
1855 1377 2293 1429 excusemus.

217 1463 382 1558 Qua
426 1461 504 1537 in
538 1488 618 1537 re
665 1461 850 1541 hanc
888 1467 1100 1543 etiam
1160 1468 1561 1542 cautionem
1613 1466 2089 1567 adhibendam
2148 1501 2303 1549 esse

214 1602 513 1673 censeo,
585 1606 678 1655 ne
731 1593 994 1656 temere
1053 1586 1494 1685 propositum
1558 1582 1842 1686 aliquod
1907 1591 1974 1665 ei
2036 1590 2301 1670 tribua-

214 1716 421 1785 mus,
471 1690 563 1769 de
593 1721 736 1797 quo
761 1697 1183 1799 fortasseflne
1224 1700 1548 1800 cogitavit
1588 1701 1901 1803 quidem.
1971 1700 2183 1803 Quod
2220 1710 2300 1817 in

210 1810 426 1889 huius
457 1812 822 1915 Sophoclis
857 1815 1252 1923 tragoediae
1292 1820 1704 1911 recensione
1738 1817 2155 1941 Erouwerus
2195 1826 2298 1899 fc-

210 1927 391 2005 cisse
447 1931 626 2005 mihi
676 1929 992 2023 videtur,
1060 1933 1261 2008 cuius
1317 1936 1709 2011 sententiae
1764 1952 2077 2035 nostram
2116 1999 2137 2032 ‚
2187 1944 2297 2020 uti

208 2065 343 2143 par
381 2055 524 2134 est,
599 2044 1086 2120 submittentes
1108 2106 1130 2140 ‚
1178 2050 1353 2149 quid
1410 2066 1647 2129 tamen
1693 2054 1830 2156 ipsi
1880 2057 1972 2134 de
2030 2060 2165 2138 illis
2211 2066 2295 2140 in

209 2159 494 2259 Electra
536 2164 856 2263 personis
899 2167 1298 2242 sentiamus.
1323 2195 1777 2271 exponemus.
1880 2176 2117 2269 Quare
2149 2184 2289 2285 pri.-

205 2298 412 2353 mum
449 2275 542 2351 de
575 2278 856 2353 Electra
886 2336 906 2372 ‚
958 2276 1215 2357 deinde
1250 2285 1340 2358 de
1376 2287 1630 2361 Oreste
1684 2291 2023 2371 dicemus.
2214 2290 2221 2297 ’

299 2394 674 2470 Emmat-
722 2396 1030 2498 indolem
1077 2413 1151 2473 et
1197 2424 1432 2480 mores
1490 2409 1596 2482 uti
1664 2413 1932 2514 optime
1989 2414 2289 2496 illustrat

203 2511 312 2587 Cl.
369 2512 712 2593 Brouwer
763 2517 951 2617 (1),
1021 2517 1309 2621 eiusque
1371 2523 1517 2597 vim
1580 2529 1919 2628 tragicam
1978 2536 2288 2637 praecla-

198 2654 281 2704 re
319 2636 610 2734 exponit
650 2634 750 2736 (a
776 2634 854 2733 ),
906 2636 1012 2710 ita
1044 2636 1476 2714 celebratum
1509 2639 1718 2735 illud,
1760 2667 1999 2747 παῖσον,
2049 2663 2102 2729 εἰ
2146 2664 2282 2731 σθέ-

198 2777 344 2841 νεις,
411 2753 613 2838 διπλῆν
647 2808 668 2842 ,
733 2752 988 2830 simu-a
1050 2780 1382 2831 excusare
1448 2775 1748 2839 conatur
1799 2769 1966 2866 (3).
2082 2769 2277 2848 Haec

192 2865 342 2940 sere
393 2882 566 2945 sunt
627 2871 777 2946 eius
849 2889 1281 2972 argumenta.
1378 2910 1423 2950 n
1478 2880 1756 2958 Electra
1789 2940 1810 2975 ‚
1876 2885 2009 2959 etsi
2079 2886 2279 2963 iusti-

191 3013 236 3060 »
292 2984 433 3059 tiae
472 3013 708 3062 amore
763 2971 848 3063 et*
883 2990 1146 3089 pietate
1217 2996 1560 3071 excitetur
1584 3054 1603 3089 ,
1670 3025 2062 3106 magnoque
2108 3006 2273 3078 odio

191 3129 238 3190 ῳ
289 3115 594 3177 matrem
639 3120 1099 3209 prosequatur
1126 3163 1147 3199 ‚
1196 3138 1328 3211 per
1394 3127 1612 3190 totam
1670 3131 1906 3192 tamen
1966 3119 2272 3195 fabulam

186 3244 234 3287 >2
290 3216 387 3290 ad
429 3215 624 3294 hunc
667 3220 901 3295 locum
933 3249 1151 3326 usque
1195 3224 1285 3298 de
1330 3229 1479 3328 eius
1523 3233 1736 3306 caede
1789 3261 1938 3307 non
1980 3236 2264 3333 cogitat.

185 3362 231 3405 n
289 3333 611 3410 Primum
679 3352 956 3413 tantum
1020 3339 1322 3414 familiae
1389 3345 1661 3420 cladem
1732 3347 1967 3450 luget,
2036 3368 2109 3427 et
2175 3354 2265 3456 de

183 3481 229 3524 n
281 3452 596 3534 Deorum
667 3458 1034 3562 iniquitate
1103 3462 1481 3561 queritur:
1577 3464 1833 3543 deinde
1912 3472 2264 3574 Clytaem-

2008 3622 2050 3661 »
2105 3616 2261 3663 nes-
