2760 4725
1195 279 1763 363 —216-

457 506 533 558 ο.
565 477 930 580 3983419.
994 474 1073 549 in
1137 498 1282 578 quo
1338 475 1703 578 Euripidis
1765 478 1935 557 loon
1982 475 2585 579 (ιιιίιιιθάνφιειιμκ

457 598 636 673 dum
673 612 783 672 est
815 598 1139 671 Hectrae
1179 592 1399 671 verba
1449 599 1759 674 oratorio
1800 597 2041 713 generi
2074 601 2399 699 proximo
2437 630 2561 679 ac-

453 717 744 805 cedere,
792 713 1176 816 illudque
1153 738 1430 815 ipsum,
1496 715 1695 818 quod
1736 740 2251 815 nonnunqum
2290 720 2561 795 inEn-
2630 758 2639 767 ·

447 830 685 932 ripide
717 830 1309 933 reprehenditur,
1363 830 1485 904 hic
1518 834 1623 904 rei
1658 845 1733 905 et
1770 858 2117 933 personae
2151 849 2408 936 aptum
2438 863 2557 913 eo-

443 974 571 1043 ae,
622 949 938 1050 adeoque
979 949 1338 1063 duplicem
1377 951 1713 1050 consequi
1750 949 2063 1028 laudem.

550 1071 938 1172 Sophocles
994 1083 1069 1142 et
1113 1070 1495 1169 Euripides
1553 1070 1851 1162 eadem,
1915 1098 2057 1170 qua
2100 1072 2543 1176 Aeschylus,

454 1188 900 1281 incedentes,
976 1215 1070 1262 ne
1115 1202 1356 1262 actum
1412 1211 1616 1285 agere
1670 1188 2118 1281 viderentur,
2192 1218 2346 1265 non
2382 1207 2546 1269 tan·

443 1320 602 1381 tum
636 1309 790 1407 ipso
831 1306 1104 1381 fabulae
1141 1320 1561 1407 argumento
1599 1304 1803 1378 aliter
1848 1305 1962 1378 usi
1994 1323 2200 1402 sunt,
2250 1312 2383 1389 sed
2422 1341 2543 1391 va-

445 1424 590 1498 rios
628 1426 843 1497 etiam
877 1424 1370 1526 quaesiverunt
1414 1434 1738 1513 ornatus,
1792 1422 2047 1520 quibus
2086 1451 2241 1499 rem
2292 1443 2541 1505 notam

448 1567 636 1616 nova
680 1541 879 1642 quasi
933 1541 1109 1615 facie
1168 1544 1569 1643 proferrent
1594 1599 1613 1632 ,
1677 1553 2025 1641 vesteque·
2054 1542 2537 1642 splendidiore

449 1658 853 1734 induerent.
895 1663 985 1735 In
1014 1664 1372 1764 utriusque
1409 1660 1688 1735 Electra
1717 1660 2281 1760 pulcherrimum
2318 1660 2540 1735 habe·

447 1804 613 1871 gnus
653 1780 1000 1863 eiusmodi
1019 1789 1342 1859 ἑπεισόδιωε
1373 1782 1452 1854 ἰιι
1487 1778 1706 1883 altera
1729 1780 2108 1853 confictam
2140 1778 2233 1852 do
2263 1779 2537 1853 Orestis

447 1907 677 1969 morte
713 1898 1216 1988 narrationem,
1251 1898 1332 1971 in
1363 1897 1581 1971 altera
1616 1896 1853 1969 nuntii
1883 1895 2293 1995 Aegisthum
2337 1921 2538 1971 sacra

443 2010 818 2085 facientem
850 2014 1297 2088 interfectum
1320 2038 1470 2087 esse
1507 2012 1875 2085 referentis
1911 2013 2328 2089 orationem.
2381 2017 2541 2089 Sin-

445 2124 673 2226 gulari
724 2145 876 2209 arte
927 2136 1034 2208 uti
1085 2133 1333 2208 debuit
1379 2129 1761 2240 Sophocles
1812 2143 1894 2202 ut
1931 2118 2286 2207 auditores
2341 2148 2539 2209 tene·-

441 2260 600 2323 ret:
652 2250 1050 2350 periculum
1094 2263 1248 2327 erat
1289 2250 1482 2325 enim
1522 2272 1657 2337 ne,
1706 2245 1882 2319 haec
1928 2249 2161 2323 omnia
2210 2236 2541 2368 simulata

445 2382 526 2441 et
555 2368 727 2444 falsa
766 2396 918 2445 esse
953 2372 1298 2461 scientes,
1350 2365 1753 2480 Paedagogi
1784 2352 1999 2439 mex-Ba
2036 2391 2295 2477 parum
2340 2395 2541 2448 cura·

443 2502 656 2566 rent:
709 2517 750 2562 a
791 2517 933 2590 quo
979 2473 1368 2589 prudenter
1414 2499 1488 2558 et
1510 2485 1874 2583 ingeniose
1904 2486 2089 2558 cavit
2118 2495 2355 2587 poeta.
2451 2467 2539 2560 In

355 2629 364 2636 ·
445 2606 645 2680 omni
704 2609 1169 2680 certaminum
1220 2628 1477 2703 genere
1533 2604 1755 2676 victor
1804 2603 2121 2703 primum
2175 2599 2540 2677 exstiterat

448 2724 772 2814 Orestes,
829 2748 896 2798 v.
942 2722 1118 2816 684.
1163 2745 1372 2819 sqq,
1440 2720 1897 2821 omniumque
1964 2744 2086 2793 ore
2136 2707 2493 2796 serebatur
2511 2776 2534 2815 ,

437 2868 590 2943 quo
663 2841 885 2944 magis
955 2839 1297 2913 excitatur
1377 2836 1820 2912 imminentis
1898 2865 2099 2914 casus
2156 2839 2535 2915 miseratio.

448 2961 648 3056 Quin
680 2963 894 3035 etiam
919 2960 1000 3033 in
1035 2953 1264 3032 curuli
1295 2954 1725 3047 certamine,
1756 2967 1919 3029 oeto
1947 2939 2355 3031 adversariis
2391 2957 2543 3031 uni·

444 3106 648 3156 versa
690 3072 996 3183 quadam
1055 3076 1255 3151 clade
1306 3070 1793 3165 conturbatis,
1861 3099 1929 3149 ν.
1930 3099 2134 3175 721.
2179 3104 2383 3180 sqq„
2448 3079 2543 3156 ad

445 3201 665 3273 finem
696 3217 917 3299 usque
952 3225 1119 3274 cum
1155 3223 1297 3270 uno
1348 3205 1625 3266 tantum
1673 3206 2069 3293 superstes,
2118 3219 2184 3269 ν.
2225 3221 2375 3299 739
2399 3253 2417 3288 ,
2466 3196 2543 3270 in

448 3343 537 3391 eo
569 3295 677 3393 est
704 3331 788 3391 ut
821 3319 1152 3392 victoriae
1191 3313 1588 3415 praemium
1620 3300 2086 3412 adipiscatur,
2129 3342 2195 3392 ν.
2235 3316 2403 3417 0731.v
2426 3343 2540 3420 sq.

446 3440 864 3516 Auditorum
905 3436 1121 3512 animi
1178 3433 1316 3509 hoc
1379 3428 1595 3504 modo
1636 3427 1849 3504 dubia
1893 3446 1969 3506 et
2003 3435 2208 3507 anxia
2254 3460 2544 3537 exspec-

447 3559 716 3633 tatione
760 3556 1062 3646 intenti,
1112 3549 1377 3624 infelici
1417 3548 1525 3622 rei
1562 3549 1756 3621 exitu
1787 3552 2084 3650 perinde
2122 3567 2540 3646 moventur,

452 3700 538 3746 ac
581 3677 644 3747 si
686 3701 835 3748 non
893 3679 1057 3751 ficta
1110 3672 1239 3746 sed
1295 3694 1462 3744 vera
1521 3681 1728 3742 esset.
1848 3672 2047 3764 Quae
2114 3668 2206 3743 de
2267 3670 2545 3745 Orestis

449 3800 681 3860 morte
747 3806 1166 3879 narrantur,
1233 3816 1300 3865 v.
1364 3786 1535 3888 739.
1594 3813 1801 3889 sqq„
1884 3791 2191 3864 conferri
2244 3806 2547 3893 possunt

452 3922 624 3975 cum
655 3897 813 3979 loco
852 3910 1218 4014 Euripidis
1255 3909 1358 3987 H
1334 3907 1625 4011 ppoljt
1677 3932 1751 4016 ⁸²:
1792 3905 2002 3984 1226.
2036 3925 2195 4011 sqq.
2296 3908 2549 4128 ΙιιΡὸὸἶ
