2760 4725
999 359 1101 385 ·-—
1200 312 1545 405 177...

197 519 296 575 eu
352 526 548 607 quae
589 503 663 577 in
685 502 1077 583 'hominum
1129 511 1447 587 moribus
1508 517 2013 616 cognoscmffls
2074 536 2307 605 versa·

201 630 342 693 tur
365 674 396 714 ,
443 635 523 696 ut
558 623 748 699 enim
786 648 1024 698 rerum
1063 639 1389 703 naturam
1425 642 1499 703 et
1538 635 1887 738 principia
1933 641 2306 745 inquiren«-

201 730 296 809 di
350 736 667 812 studium
739 738 979 813 multis
1044 764 1120 814 se
1192 748 1678 842 commendat,
1737 756 1855 829 uti,
1894 755 2303 860 disputatio*

193 881 401 931 num
431 858 772 933 subtilitas
821 858 1085 956 ingenii
1124 885 1423 938 acumen
1475 885 1754 945 exercet
1790 888 1862 949 et
1909 891 2149 978 auget,
2198 882 2301 957 ita

195 975 505 1051 maioris
559 990 794 1052 tamen
846 976 1201 1078 magisque
1252 980 1609 1060 universae
1657 991 1972 1066 utilitatis
2032 1009 2141 1069 est
2194 997 2305 1073 in·

196 1095 557 1196 vestigare
607 1096 848 1200 quales
896 1095 1034 1195 ipsi
1086 1096 1345 1192 simus,
1397 1104 1611 1203 qnid,
1671 1135 2023 1212 quamque
2068 1113 2303 1189 diver·

191 1237 286 1286 se
309 1269 334 1305 ,
409 1216 790 1289 sentiamus
816 1268 837 1304 ,
909 1210 1205 1288 velimus
1231 1272 1251 1305 ,
1329 1217 1706 1319 fugiamus,
1786 1252 2106 1328 quaeque
2158 1233 2304 1307 sint

184 1353 465 1403 causae
529 1330 862 1431 (exiguae
934 1358 1142 1434 saepe
1183 1341 1290 1408 'et
1338 1338 1829 1438 reconditae),
1891 1345 2147 1446 quihus
2208 1350 2303 1429 ad

191 1447 682 1522 iudicandum
760 1463 881 1524 aut
949 1450 1043 1524 ad
1106 1449 1459 1552 agendum
1529 1456 1999 1559 impellamur.
2135 1465 2298 1544 Hoo

187 1565 454 1640 studio
495 1563 652 1638 illae
683 1567 986 1639 maxime
1035 1579 1362 1647 tenentur
1398 1586 1635 1672 gentes
1650 1630 1668 1665 ,
1707 1573 1963 1674 quihus
2001 1583 2300 1657 severio·-

187 1708 372 1757 oem
410 1695 726 1757 mentem
768 1697 842 1757 et
885 1687 1291 1785 gravitatem
1333 1692 1715 1791 qnamdam
1760 1704 2011 1767 natura
2059 1696 2295 1794 dedit,

187 1826 530 1903 quasque
597 1800 774 1878 adeo
847 1802 939 1877 ad
1014 1806 1457 1904 cogitandum
1488 1865 1508 1901 ,
1589 1806 2142 1906 observzmdum,
2224 1831 2299 1893 ot

191 1915 801 2019 perpendendum
859 1923 1166 2022 aptiores
1233 1922 1672 2001 informavit:
1742 1927 1932 2005 unde
1999 1931 2291 2013 fortasse

192 2033 684 2133 repetendum
764 2051 871 2113 est
933 2042 1129 2143 quod
1186 2040 1572 2141 Anglorum
1642 2057 1718 2117 et
1772 2049 2291 2137 Germanorum

196 2151 611 2252 tragoediae
635 2210 655 2239 ,
705 2154 974 2257 aliaque
1013 2182 1228 2257 opera
1269 2182 1449 2259 quae
1494 2160 1885 2243 imitatione
1918 2173 2291 2249 continen-

199 2281 372 2362 tur,
426 2269 742 2372 diligenti
783 2272 1124 2348 excellant
1167 2298 1449 2353 morum
1486 2276 2008 2382 observatione,
2061 2317 2285 2393 quum

199 2402 464 2466 contra
527 2391 868 2466 sermonis
922 2392 1262 2492 elegantia
1307 2408 1378 2470 et
1428 2397 1763 2499 exquisita
1806 2404 1912 2480 rei
1952 2410 2289 2486 metricae·

197 2533 418 2600 cura,
483 2534 525 2582 a
574 2507 856 2584 Gallicis
897 2511 1112 2586 'facile
1171 2527 1618 2616 superentur.
1732 2520 2104 2623 Euripides
2161 2555 2285 2608 au·.⁸

197 2634 355 2698 tem
396 2638 670 2718 noster,
735 2629 1180 2731 Anaxagorae
1238 2629 1515 2707 auditor
1534 2687 1556 2724 ,
1625 2638 2057 2737 temporibus
2110 2645 2282 2721 vixit

196 2743 327 2837 iis,
380 2744 636 2847 quibus
682 2746 1128 2849 philosophia
1173 2776 1217 2824 a
1268 2750 1551 2825 Socrate
1593 2776 1637 2824 e
1683 2755 1880 2830 coelo
1934 2757 2013 2832 in
2059 2772 2279 2838 terras

195 2876 529 2937 revocata
573 2877 678 2937 est
710 2877 784 2939 et
817 2865 892 2938 in
930 2866 1362 2967 privatorum
1399 2865 1648 2941 domos
1684 2869 2113 2966 introducta,
2147 2906 2280 2952 un.

197 2980 298 3054 de
343 2982 525 3056 vitae
590 2982 917 3079 magistra
963 2985 1259 3058 exstitit:
1333 3010 1547 3084 quam
1586 2986 1685 3061 ita
1746 2990 2035 3066 demum
2094 2994 2286 3068 arbi·

197 3114 433 3176 tratus
506 3111 615 3171 est
670 3097 1050 3202 Euripides
1107 3101 1734 3182 fructuosissimam
1792 3106 1942 3182 lbra
2000 3106 2281 3210 lateque

199 3215 517 3318 patentis
542 3216 856 3294 utilitatis
881 3271 910 3311 ‚
946 3221 1006 3296 si
1029 3222 1187 3296 'non
1224 3221 1300 3294 in
1327 3221 1911 3324 philosophorum
1939 3235 2014 3298 et
2047 3223 2281 3300 rheto-

199 3363 368 3411 rum
415 3335 674 3411 scholis
733 3337 998 3414 reclusa
1057 3352 1411 3433 maneret,
1479 3365 1614 3419 nec
1657 3338 1943 3439 singulis
2009 3353 2285 3420 tantum

197 3453 632 3558 quibusdam
694 3457 1264 3556 permitteretur,
1312 3456 1443 3531 sed
1500 3484 1665 3532 cum
1720 3458 1983 3559 populo
2021 3474 2282 3540 cuncto

200 3573 871 3651 communicaretur.
984 3575 1226 3667 Quum
1272 3599 1441 3652 vero
1496 3587 1689 3650 tanta
1732 3589 1967 3651 essent
2012 3603 2285 3654 memo·

196 3691 349 3770 riae
437 3690 768 3768 facilitate
832 3693 1289 3770 Athenienses
1311 3752 1330 3786 ,
1396 3708 1478 3769 ut
1537 3691 1916 3774 Homerica
1972 3697 2287 3774 carmina

197 3809 411 3890 multi
444 3826 736 3913 possent
768 3814 1174 3890 memoriter
1203 3815 1502 3891 recitare
1549 3811 1720 3913 (1),
1769 3809 2289 3924 philosophiam

741 3985 772 4002 .-
2215 3965 2296 4018 u,

275 4054 305 4130 (
332 4054 398 4128 ¹)
435 4051 523 4112 Cf·
558 4055 885 4135 X‘noplaon.
921 4057 1106 4137 Symp.
1143 4062 1272 4120 111.
1312 4065 1364 4118 5.
1401 4078 1484 4137 sq.
2148 3963 2211 4043 P

1303 4153 1360 4224 Z
