2760 4725
1302 310 1410 388 ..;;
1491 282 1607 396 '1'2
1698 310 1820 384 .=‘

519 550 823 634 quorum
854 545 1087 601 mores
1123 530 1271 598 tam
1305 541 1469 595 vere
1508 513 1818 619 expressi
1841 524 2042 605 sunt,
2094 508 2273 613 quid
2317 512 2614 589 tandem

521 646 614 719 de
653 639 969 721 Menelao
1007 636 1256 717 dices?
1348 632 1737 709 Iracundus
1776 642 1885 704 est
1922 643 1997 703 et
2032 630 2333 732 impiger
2375 632 2615 707 Achil·

516 759 623 842 les
644 818 662 852 ,
689 756 1034 859 superbus
1061 758 1546 854 Agamemnon
1569 807 1588 839 ‚
1627 749 1938 850 prudens
1978 750 2238 822 Nestor
2258 806 2279 840 ,
2315 749 2612 832 callidus

522 891 601 959 et
635 889 953 955 versutus
988 871 1275 971 Ulysses
1301 925 1321 961 ,
1373 869 1572 951 fortis
1610 864 1990 939 Diomedes
2014 923 2032 956 ,
2079 865 2279 941 ferox
2313 879 2392 938 et
2429 865 2613 939 altm

522 994 701 1068 Aiax
724 1051 744 1085 ,
810 1014 1181 1091 generosus
1226 983 1690 1076 Antilochus3
1739 983 1921 1097 quid
1965 1006 2132 1057 vero
2187 981 2613 1057 Menelaus?

524 1110 686 1211 Quo
729 1110 1018 1182 nomine
1074 1101 1469 1204 dignaberis
1524 1102 1767 1194 illum,
1833 1102 1959 1203 qui
2022 1098 2236 1178 totius
2297 1099 2615 1182 Graecae

522 1227 902 1310 iuventutis
977 1223 1222 1297 florem
1282 1220 1603 1322 perditae
1674 1219 1987 1296 mulieris
2049 1216 2274 1292 amori
2325 1231 2618 1319 postpo-

520 1345 705 1436 suit,
732 1336 745 1367 ³
769 1346 1029 1445 quique
1078 1366 1236 1414 eam
1278 1353 1443 1441 post
1482 1339 1733 1415 decem
1761 1364 1983 1413 annos
2010 1393 2031 1428 ‚
2083 1338 2325 1436 (certe
2380 1360 2618 1437 neque

526 1461 863 1546 intactam
890 1516 913 1551 ,
988 1484 1125 1534 nec
1180 1456 1660 1571 pulchriorem
1735 1456 2046 1553 factam)
2109 1453 2435 1552 recipere
2456 1508 2479 1543 ,
2545 1465 2618 1526 et

527 1576 825 1650 domum
878 1600 1081 1649 suam
1139 1574 1479 1655 reducere
1530 1600 1681 1657 non
1726 1572 2073 1656 dubitavit
2097 1575 2132 1646 i*
2221 1568 2403 1642 Mihi
2463 1569 2619 1670 qni-

528 1693 698 1777 dem
719 1751 740 1784 ,
789 1706 863 1775 et
900 1707 1102 1775 antea
1135 1693 1516 1775 Homerica
1549 1688 1851 1788 legenti,
1893 1690 2084 1765 visus
2119 1701 2262 1781 est,
2313 1700 2391 1761 et
2423 1715 2621 1762 nnnc

533 1834 822 1923 quoque
867 1809 1145 1884 videtur
1180 1810 1409 1908 turpis
1432 1865 1453 1900 ,
1505 1808 1789 1919 ineptus
1811 1862 1832 1899 ,
1871 1817 1948 1879 et
1992 1804 2361 1885 ridictflus.
2431 1810 2628 1912 Qua*

530 1951 612 2003 re
655 1927 1041 2002 rectissime
1090 1925 1437 2011 exclamat
1482 1925 1793 2000 Orestes.

820 2105 877 2187 a
922 2113 1071 2197 nm
1113 2066 1613 2210 „mmmm
1659 2112 2118 2210 mmmm,

824 2230 987 2307 τᾶλλ’
1029 2229 1209 2304 οὐδὲν.

532 2417 539 2426 ’
634 2416 930 2524 Ineptus
973 2410 1215 2494 fuisset
1249 2407 1402 2521 ipse
1437 2405 1814 2510 Euripides
1841 2467 1861 2501 ‚
1911 2409 1971 2492 si
2034 2410 2360 2492 Hectoris
2430 2438 2638 2513 gene-

530 2519 776 2610 *rosam
851 2523 1337 2609 fortitudinem
1362 2580 1385 2617 ‚
1474 2527 1769 2614 Achillis
1849 2531 2068 2604 animi
2135 2531 2596 2618 altitudinem
2617 2590 2635 2626 ,

540 2649 777 2732 Aiacis
842 2643 1308 2728 constantiam
1379 2644 1696 2729 Menelao
1774 2649 2153 2726 tribuisset.
2269 2653 2500 2744 Quod
2580 2655 2638 2727 si

542 2767 905 2881 quaeritur
1063 2761 1324 2838 omodo
1376 2762 1490 2835 his
1560 2764 1731 2876 ipsis
1807 2768 2111 2853 Menelai
2166 2768 2500 2842 moribus
2565 2774 2640 2844 in

528 2873 690 2961 ‘hac'
726 2897 963 2990 tragoe
1018 2881 1083 2953 ‘a
1146 2905 1312 2954 usus
1350 2881 1448 2956 sit
1490 2883 1912 2997 Euripides,
1981 2908 2240 2987 eosque
2291 2884 2644 2961 adhibue-

532 2991 638 3084 rit
664 3018 744 3084 ut
778 2999 1052 3077 fabulae
1093 2998 1458 3110 proposito
1505 2999 1925 3083 inservirent
1942 3061 1961 3097 ,
2010 3002 2504 3103 unusquisque
2548 3006 2643 3083 e.-

539 3124 676 3202 cile
720 3117 988 3199 videbit
1025 3124 1313 3228 poetam
1344 3114 1516 3189 hinc
1556 3123 1993 3194 occasionem
2033 3123 2299 3224 cepisse
2321 3178 2342 3215 ,
2395 3123 2499 3196 ad
2536 3126 2644 3198 in·

522 3239 817 3341 'signem
871 3232 1153 3346 Pyladis
1225 3233 1606 3318 amicitiam
1664 3236 2195 3338 explicandam,
2262 3267 2451 3341 quae
2488 3300 2511 3335 ,
2584 3245 2641 3329 si

542 3362 690 3433 fere
755 3349 1027 3429 fabulae
1077 3352 1356 3434 initium
1412 3366 1485 3424 et
1533 3348 1925 3427 Choromm
1969 3354 2386 3461 elegantiam
2443 3365 2644 3440 exci-

539 3478 696 3579 pias
719 3531 739 3569 ,
789 3486 897 3547 est
928 3474 1138 3555 unica
1175 3469 1384 3550 huius
1439 3472 1831 3570 tragoediae
1876 3473 2047 3548 laus.

640 3594 837 3668 Haec
876 3594 1084 3694 igitur
1123 3605 1287 3665 sunt
1314 3648 1335 3683 ,
1391 3606 1464 3666 et
1506 3592 1636 3672 alia
1684 3593 2031 3696 quaedam
2066 3591 2640 3691 eiusdemmodi,

541 3735 774 3811 neque
808 3736 988 3786 nova
1022 3713 1153 3786 ista
1185 3737 1416 3815 neque
1472 3716 1710 3817 magni
1758 3716 2142 3802 momenti,
2195 3739 2375 3813 quae
2417 3714 2642 3798 hodie

541 3827 863 3901 nonnulli
912 3842 1105 3903 tanta
1158 3829 1606 3904 contentione
1655 3828 2172 3929 reprehendere
2225 3829 2456 3905 solent
2488 3890 2511 3925 ,
2569 3848 2646 3908 ut

546 3949 805 4026 summi
838 3954 1089 4053 poetae
1132 3950 1420 4028 virtutes
1454 3949 1597 4025 fere
1625 3947 2025 4048 negligant,
2077 3947 2151 4022 in
2184 3946 2445 4050 quihus
2483 3979 2646 4027 aes-
2715 4043 2716 4048 Ἰ

1304 4089 1317 4098 “
1409 4095 1446 4102 ··
2555 4070 2644 4145 ti·
2715 4103 2716 4148 γ
