2760 4725
1053 387 1594 469 ..185-

273 585 474 690 ‘virgo
531 590 778 692 patriis
836 586 1128 692 expulsa
1161 587 1494 684 aedibus,
1538 614 1735 667 nunc
1778 613 2085 693 pauper
2111 604 2186 667 et
2235 590 2362 669 nel

273 705 540 805 glecta,
589 709 667 782 in
697 708 1053 784 montibus
1096 706 1349 811 procul
1394 709 1487 785 ab
1539 706 1720 784 urbe
1764 705 2025 821 degens
2041 764 2065 804 ,
2113 710 2357 787 amicis

277 823 616 927 omnique
655 824 908 900 auxilio
956 824 1331 922 destituta,
1380 854 1668 905 omnem
1699 827 1846 907 fere
1901 851 2104 931 spem
2160 825 2355 905 ahie-

275 933 410 1031 cit,
447 964 583 1013 nec
619 939 1093 1016 calamitatum
1121 924 1317 1019 videt
1360 945 1629 1069 exitum
1663 954 1786 1027 aut
1825 944 2165 1022 levamen.
2235 946 2355 1021 In-

280 1050 526 1154 dignas
586 1058 881 1160 suscipit
924 1061 1345 1140 domesticas
1393 1088 1686 1172 operas,
1734 1075 1811 1139 et
1862 1064 2207 1155 miserae,
2257 1059 2353 1141 ad

279 1198 498 1274 quam
563 1174 850 1253 redacta
898 1195 1046 1274 est,
1111 1178 1312 1255 vitae
1358 1178 1787 1255 conditioni
1805 1203 1884 1254 se
1957 1177 2355 1271 submittit,

277 1313 345 1365 ν.
395 1315 514 1393 71.
611 1294 826 1387 Quod
871 1322 1102 1375 unum
1141 1296 1494 1402 reliquum
1530 1308 1675 1391 est,
1723 1299 1943 1400 patris
1997 1298 2217 1372 satum
2265 1297 2351 1371 li-

278 1396 447 1481 bere
494 1407 725 1512 luget.
778 1402 916 1489 hoc
967 1427 1243 1489 tantum
1288 1408 1585 1516 gaudet,
1633 1440 1769 1495 nec
1800 1416 2018 1493 samis
2057 1430 2182 1493 aut
2221 1419 2360 1493 fes·

278 1522 370 1599 tis
389 1582 413 1618 ,
462 1540 584 1600 aut
628 1527 904 1603 choreis
947 1530 1281 1608 delectari
1323 1540 1596 1633 potest,
1642 1558 1711 1610 ν.
1771 1533 1933 1637 175.
1981 1559 2143 1636 sqq.
2240 1535 2359 1609 In·

281 1656 478 1719 terea
517 1671 681 1720 vero
735 1649 999 1740 frater,
1048 1657 1344 1748 ἀφιγμένης
1392 1657 1459 1723 ἃ
1516 1655 1638 1723 θεοῦ
1689 1663 2012 1749 pompeano
2067 1662 2224 1751 φόνων
2264 1681 2363 1749 φο·

286 1777 441 1837 νεῦσε
484 1770 694 1862 πατρὸς
757 1770 1019 1852 ἀλλάξων
1075 1766 1274 1866 (1),
1322 1764 1402 1841 in
1441 1762 1554 1865 his
1580 1854 1585 1859 ³
1615 1763 2138 1869 ipsisyegionis
2196 1766 2358 1839 fini-

282 1876 420 1955 bus
470 1891 565 1959 er
585 1881 943 1958 montibus
984 1896 1208 1975 errat,
1261 1905 1575 1956 sororem
1616 1908 1960 1986 quaerens
1989 1940 2010 1976 ,
2062 1896 2146 1971 ut
2202 1907 2363 1956 eam

286 2011 446 2101 φόνον
510 2015 835 2104 emp-saw
907 2002 1283 2090 adsciscat,
1351 1996 1443 2071 ab
1500 2024 1722 2100 eaque
1775 1998 1985 2073 simul
2044 2025 2224 2104 quae
2288 1999 2367 2095 in

288 2114 466 2192 urbe
527 2134 818 2222 agantur
882 2117 1142 2192 audiat.
1259 2112 1685 2190 Prudentiae
1742 2128 1981 2190 tamen
2048 2140 2324 2193 memor
2341 2172 2367 2209 ,

289 2235 556 2337 quippe
603 2236 680 2309 in
735 2260 1012 2309 summo
1059 2247 1370 2309 versatur
1421 2234 1604 2339 vitae
1671 2234 1988 2336 periculo
2017 2292 2038 2329 ,
2100 2260 2176 2310 se
2220 2259 2371 2309 non

294 2354 625 2429 Orestem
703 2381 852 2431 esse
920 2353 1277 2448 declarat,
1373 2352 1508 2431 sed
1572 2351 1663 2429 ab
1747 2354 1997 2428 Oreste
2070 2353 2367 2428 missum

289 2474 514 2573 fingit.
614 2473 1010 2578 Repentino
1062 2476 1212 2549 eius
1268 2474 1609 2576 adspectu
1666 2474 1980 2576 primum
2043 2470 2375 2545 exterrita

291 2589 614 2683 Electra,
663 2615 828 2663 mox
851 2649 871 2684 ,
936 2592 1167 2666 fratris
1209 2590 1449 2686 audito
1502 2590 1829 2683 nomine,
1889 2613 2177 2668 omnem
2218 2612 2374 2662 me-

280 2703 452 2781 't'um
504 2705 833 2809 deponit,
902 2722 976 2783 et
1034 2735 1250 2812 quam
1302 2710 1630 2784 amiserat
1677 2735 1879 2812 spem
1914 2710 2177 2784 sensim
2223 2709 2374 2784 ani-

293 2853 415 2901 mo
479 2827 753 2929 recipit.
867 2825 1056 2900 Hinc
1110 2839 1360 2900 mutuo
1422 2854 1500 2902 se
1576 2827 2124 2927 interrogantes,
2191 2825 2369 2899 haec

296 2945 572 3020 Orestis
622 2942 842 3019 futuri
906 2944 1243 3017 adventus
1289 2945 1650 3017 mentione
1704 2944 2035 3042 erigitur,
2098 2957 2173 3016 et
2222 2942 2375 3016 ani-

295 3091 500 3140 mum
535 3065 679 3139 iam
717 3061 808 3136 ad
845 3057 1186 3133 ultionem
1223 3059 1578 3161 adplicare
1604 3061 1889 3159 incipit.
1944 3057 2115 3132 ille
2093 3085 2169 3130 ιιι
2220 3082 2378 3157 puo-

298 3182 530 3283 posito
577 3203 704 3255 suo
753 3179 1247 3269 confirmatur,
1295 3191 1373 3251 et
1412 3176 1649 3251 audito
1699 3174 1939 3278 quales
1982 3173 2381 3282 sepulturae

300 3297 605 3380 honores
639 3308 887 3378 nactus
928 3295 1024 3372 sit
1072 3299 1602 3404 Agamemnon,
1651 3315 1721 3374 ν.
1756 3291 1898 3402 287
1918 3331 1942 3386 ,

2173 3408 2382 3512 ἔχθρα·

378 3631 491 3705 (ι)
548 3629 640 3690 na
684 3626 872 3703 enim,
916 3649 970 3693 ν.
1008 3635 1113 3704 87,
1164 3626 1437 3707 &4wa
1472 3634 1535 3684 et
1582 3621 1875 3701 luteus
1906 3623 2187 3702 coniunge>
2218 3669 2238 3698 ‚
2280 3642 2382 3685 re·-

303 3718 503 3779 atitula
543 3720 750 3778 minori
784 3720 1155 3784 distinctionis
1191 3734 1329 3783 nota
1367 3734 1502 3801 post
1543 3714 1746 3788 05386.
1780 3737 1955 3796 ‘lum
2005 3715 2195 3775 ¹¹²3¹¹¹¹⁸
2232 3729 2399 3794 reem:

306 3809 594 3868 Seidlerus
643 3811 819 3878 delet.
881 3813 1037 3871 Haec
1068 3812 1146 3870 ita
1193 3813 1577 3874 construenda
1623 3807 1767 3870 mihi
1810 3805 2079 3866 videntur
2098 3847 2116 3878 ,
2150 3803 2236 3868 ἑκ,
2260 3807 2384 3872 θεοῦ

309 3908 631 3985 μυστηρίων
662 3909 934 3990 ὶφῒγμοι
970 3906 1282 3988 ἀλλάξων.

1443 4036 1570 4112 Aa
