2760 4725
945 324 1443 421 ι’-δῚ--ἒ

123 560 474 643 quaeque
541 554 676 637 per
737 554 812 606 se
886 526 1346 603 considerari·
1385 522 1650 603 debent
1672 582 1695 621 ‚
1762 526 1890 603 sed
1952 530 2029 607 in
2079 533 2245 636 prb,

131 659 291 734 mis
356 656 569 729 etiam
633 646 724 725 ad
780 647 1084 723 universi
1146 644 1382 747 operis
1438 645 1788 753 rationem
1860 640 2238 751 exigendae

134 789 343 852 sunt.
443 771 655 848 Aliud
717 767 912 841 enim
974 763 1322 864 Aeschylo
1371 763 1745 841 consilium
1806 768 1939 842 fuit
1959 826 1981 863 ,
2045 769 2240 845 aliud

143 887 490 991 Sophocli
570 900 644 960 et
730 881 1062 983 Euripidi
1130 886 1327 984 (1).
1439 890 1675 981 Quare
1705 944 1726 978 ‚
1821 911 1918 961 ne
1996 887 2241 988 inique

143 1007 244 1081 de
327 1003 724 1104 tragoediae
794 1017 997 1105 patre
1080 1004 1471 1083 iudicemus
1505 1061 1526 1098 ,
1594 1004 2036 1081 necessitudo
2093 1005 2246 1079 ani-

143 1119 661 1197 madvertenda
743 1134 851 1194 est
879 1171 901 1214 ‚
987 1123 1188 1197 cuius
1282 1122 1564 1200 vinculo
1672 1123 2066 1224 tragoediae
2155 1110 2244 1198 il‘-

146 1238 264 1314 lae
345 1253 494 1314 tam
562 1252 753 1314 arcte
824 1241 1278 1317 continentur
1299 1298 1321 1336 ,
1401 1254 1484 1316 ut
1535 1242 1679 1316 fere
1741 1241 2049 1341 separari
2113 1265 2246 1314 ne-

148 1367 453 1459 queant«
547 1355 617 1429 N
619 1383 736 1431 am
772 1361 1084 1462 primum
1133 1362 1697 1464 Agamemnonis
1754 1371 2250 1459 argumentum

152 1474 398 1575 ipsum
451 1472 796 1550 eiusmodi
835 1492 943 1553 est
965 1535 986 1572 ,
1037 1490 1161 1572 ut,
1205 1480 1344 1554 nisi
1377 1478 1562 1552 hanc
1604 1474 2034 1576 tragoediam
2079 1501 2249 1550 cum

154 1589 602 1689 Choephoris
664 1593 1044 1696 coniungas
1061 1651 1083 1689 ,
1157 1594 1466 1697 improbi
1514 1594 1806 1669 victoria
1863 1591 2245 1666 sceleribus

0 1808 6 1815 .
150 1723 369 1813 parta
399 1709 539 1788 frui
576 1706 985 1785 videantur:
1039 1712 1234 1813 quod
1259 1725 1453 1787 recte
1490 1692 1949 1812 reprehendit
1986 1709 2252 1782 Aristo-

155 1829 382 1924 teleS,
431 1831 532 1907 A.
567 1832 666 1905 P.
717 1854 783 1905 c.
820 1832 1072 1906 XIII:
1111 1835 1177 1906 οὗ
1228 1838 1346 1930 γὰρ
1398 1834 1676 1931 φοβερὸν,
1722 1828 1842 1900 ezidi
1876 1830 2258 1900 ε’)εεινὲντοῦ·

159 1974 263 2038 το,
313 1954 465 2021 ἀλλὰ
512 1959 718 2048 μιαρόν
755 1957 934 2029 ἐστιν.
1021 1953 1251 2052 Atque
1290 1950 1431 2024 hoc
1477 1959 1586 2021 est
1628 1969 1850 2047 quare
1893 1942 2255 2018 nonnullis

162 2063 382 2139 huius
430 2061 701 2137 fabulae
755 2063 928 2138 locis
986 2065 1254 2139 Orestis
1287 2065 1602 2139 iniicitur
1666 2061 1934 2136 mentio
1965 2118 1986 2153 ,
2038 2054 2258 2134 futuri

165 2193 506 2284 paternae
558 2179 794 2255 caedis
849 2180 1141 2257 ultorist
1209 2181 1307 2259 cf.
1361 2183 1628 2283 Agam.
1695 2205 1778 2255 v.
1846 2180 2056 2256 1253.
2090 2205 2253 2281 sqq.

176 2323 395 2399 1290.
422 2321 580 2399 sqq.
642 2298 850 2402 1517.
883 2326 994 2401 sq.
1055 2301 1260 2406 1544.
1288 2324 1451 2402 sqq.
1515 2286 1727 2375 1630.
1750 2323 1860 2400 sq.
1913 2295 2121 2374 1652.
2170 2301 2264 2375 In

173 2413 618 2513 Chob'phorelr
673 2429 911 2492 autem
968 2417 1192 2494 multa
1253 2417 1349 2494 ad
1405 2416 1678 2494 fabulae
1731 2415 2263 2518 intelligentiam

167 2532 659 2609 desiderantur
679 2591 699 2627 ,
754 2562 934 2639 quae
969 2561 1056 2610 ex
1120 2537 1649 2635 Agamemnone
1701 2535 2009 2637 petenda
2058 2548 2259 2630 sunt,

168 2679 246 2732 v«
295 2679 362 2755 g.
440 2679 621 2756 quae
664 2651 982 2752 Clzoeplz.
1043 2680 1123 2728 v.
1161 2657 1335 2753 484.
1374 2681 1486 2758 sq.
1527 2668 1602 2730 et
1648 2654 1835 2757 975,
1884 2651 2263 2731 traduntur

169 2772 261 2847 de
306 2772 522 2847 modo
572 2798 715 2875 quo
758 2772 1162 2849 interfectus
1228 2784 1382 2846 erat
1434 2775 1917 2873 Agamemnon
1944 2828 1966 2866 ,
2035 2771 2261 2874 expli-

173 2888 605 2964 caridebent
635 2913 725 2961 ex
748 2890 1023 2990 Agam.
1076 2917 1155 2966 υ.
1210 2893 1419 2966 1080.
1478 2917 1687 2966 1100.
1735 2889 1947 2965 1355.
2049 2890 2261 2963 Prae·

172 3020 366 3079 terea
421 3005 629 3079 huius
686 3033 969 3111 quoque
1017 3008 1415 3109 tragoediae
1491 3012 1649 3084 finis
1669 3067 1689 3103 ,
1759 3035 1901 3110 quo
1972 3007 2258 3082 Orestes

174 3121 482 3196 facinore
532 3136 940 3224 perpetrato
986 3153 1027 3199 a
1066 3125 1296 3200 Furiis
1335 3129 1578 3228 agitari
1631 3125 1928 3226 incipit,
1996 3124 2262 3224 signifi-

181 3252 432 3340 catque
497 3264 573 3311 se
630 3238 946 3341 Delphos
1004 3242 1376 3342 profugere
1427 3241 1646 3336 velle,
1708 3269 1788 3317 v.
1846 3242 2029 3316 1032
2067 3298 2090 3334 ,
2161 3242 2261 3316 ita

180 3371 622 3459 comparatus
692 3371 841 3448 est,
907 3369 988 3430 ut
1035 3357 1266 3432 fabula
1319 3374 1568 3462 aptum
1623 3360 1896 3434 exitum
1943 3383 2091 3432 non
2136 3360 2264 3433 ha·-

179 3477 344 3554 beat
383 3534 404 3570 ‚
455 3477 597 3551 nisi
649 3482 1006 3548 maternae
1067 3474 1300 3550 caedis
1347 3491 1592 3551 auctor
1614 3535 1633 3570 ,
1689 3481 1915 3580 facto
1969 3482 2143 3575 pius
2192 3493 2268 3552 et

183 3596 565 3669 scelemtus
633 3594 879 3669 eodem
910 3649 931 3685 ‚
1008 3620 1049 3667 a
1113 3596 1492 3669 Furiarum
1565 3596 1791 3672 taedis
1857 3594 2261 3674 ardentibus

185 3709 550 3792 liberetur:
602 3727 812 3818 atque
855 3712 957 3786 sic
1000 3712 1092 3785 ad
1130 3713 1414 3787 tertiam
1456 3712 1889 3815 tragoediam
1931 3714 2260 3789 transitus

2141 3867 2265 3942 Pa·

255 4010 361 4084 (a)
397 4008 485 4068 Cf.
517 4014 837 4070 tta-mann.
871 4014 1077 4098 Pmey‘·
1113 4015 1199 4077 ad
1233 4016 1448 4081 Εἶπέν.
1481 4015 1652 4096 soplz·
1677 4035 1815 4099 pag·
1852 4020 1969 4087 IX·
2002 4013 2064 4080 in
2097 4020 2254 4094 Edd-

186 4099 442 4178 Εὕαν-ἀι.
474 4105 624 4163 Min·
665 4101 931 4163 Vol-JV.
