2760 4725
970 336 1519 419 -181-1

214 562 436 644 quem
489 537 662 615 olim
705 549 1127 612 *servaverat
1149 594 1169 626 ‚
1239 561 1389 611 non
1455 532 1718 609 oblitus
1740 594 1760 630 ,
1829 556 1997 612 cum
2060 534 2303 612 statim

215 660 569 761 agnoscit,
618 671 692 735 et
729 657 1036 733 consiliis
1084 655 1389 731 adiuvat.
1482 653 1615 730 nlo
1649 679 1815 728 vero
1856 656 1990 730 ista
2022 680 2311 730 morum

217 779 670 880 simplicitate
738 791 813 852 et
873 775 1190 849 bonitate
1211 828 1231 866 ,
1302 796 1487 875 quae
1550 775 1827 849 rusticis
1856 822 1867 863 :
1896 776 2305 852 hominibus

217 896 438 970 tribui
476 894 652 969 solet
680 952 700 988 ‚
751 895 1106 969 Electram
1152 920 1192 966 a
1241 891 1647 966 domesticis
1700 889 2028 993 operibus
2067 890 2309 965 suble-

218 1037 381 1086 vare
431 1011 701 1106 studet,
752 1028 1007 1116 atque,
1073 1008 1352 1084 etiamsi
1404 1032 1687 1110 pauper
1731 1012 1828 1085 sit
1858 1012 2109 1087 ·et'vel
2149 1037 2309 1112 ege·

219 1159 356 1206 nus
378 1190 395 1223 ‚
465 1132 794 1206 Orestem
852 1143 1093 1204 tamen
1161 1152 1327 1202 cum
1382 1125 1758 1203 comitibus
1806 1133 1952 1204 suis
1997 1128 2306 1230 hospitio

219 1252 542 1351 &cipere
602 1275 752 1323 non
822 1245 1124 1320 dubitat.
1223 1241 1515 1337 Chori,-
1560 1245 1637 1318 in
1700 1245 1839 1322 hac
1886 1250 2303 1350 tragoffl,

217 1381 451 1468 parta
493 1366 848 1443 brevioms
900 1379 1068 1441 sunt
1090 1420 1111 1456 ,
1151 1389 1387 1466 quum
1440 1364 1698 1439 actioni
1750 1364 2139 1466 plurimum
2181 1369 2311 1444 tri-

215 1485 477 1561 huatur
501 1544 520 1578 ‚
570 1487 671 1559 ita
710 1497 795 1558 ut
845 1481 998 1557 hocs
1021 1481 1310 1554 nomine
1355 1482 1803 1584 Chofiphoris
1848 1485 2115 1586 opponi
2147 1510 2313 1586 Ρω-

219 1605 318 1678 sit
367 1602 729 1702 Euripidis
800 1599 1105 1675 Eleon-a.
1220 1598 1556 1674 Ceterum
1623 1602 1773 1673 eius
1826 1606 2091 1675 cantus
2152 1602 2312 1702 pul-

224 1721 564 1797 chen-imi
585 1771 604 1808 ,
643 1732 853 1820 atque
903 1716 1185 1817 poetico
1232 1714 1486 1817 spiritu
1527 1728 1600 1791 et
1637 1716 2063 1793 mblimitnte
2099 1718 2313 1819 insig-

221 1865 349 1914 nes
370 1896 391 1932 ,
461 1835 552 1913 ab
606 1837 742 1910 isto
805 1835 952 1908 fere
1025 1834 1198 1909 vitio
1257 1835 1612 1913 immunes
1686 1850 1854 1913 sunt
1874 1896 1895 1933 ‚
1957 1863 2101 1941 quo
2162 1864 2312 1914 non

223 1980 507 2056 semper
565 1966 812 2029 carent
867 1951 1240 2056 Euripidei
1295 1952 1556 2046 chori,
1623 1967 1707 2028 ut
1770 1980 1854 2029 ea
1915 1980 2128 2058 saepe
2197 1984 2314 2033 ca·

225 2089 407 2152 nant
463 2099 646 2177 quae
710 2073 946 2147 minus
1003 2070 1372 2173 proposito
1419 2069 1864 2164 conducant,
1914 2098 2151 2172 neque
2218 2074 2317 2148 ad

225 2193 466 2330 ipsum
515 2190 914 2290 tragoediae
953 2202 1447 2291 argumentum
1486 2188 1925 2289 pertineant:
1976 2217 2122 2292 quo
2164 2214 2317 2266 ma—

229 2312 335 2412 gis
380 2310 767 2387 dolendum
818 2322 926 2384 est
976 2321 1224 2384 cantus
1252 2306 1409 2383 illos
1459 2305 1900 2383 obscuriores
1950 2308 2316 2462 interdum

225 2453 380 2504 esse
425 2443 499 2504 et
547 2428 962 2531 corruptelis
1014 2425 1354 2501 laborare.
1640 2449 1648 2456 ·

323 2545 537 2642 Quod
579 2571 746 2623 vero
800 2545 893 2620 sd
934 2569 1300 2620 aeman
1346 2559 1421 2622 et
1466 2565 1781 2620 osmunt
1842 2546 2139 2642 attinet,
2190 2548 2319 2654 qui

225 2691 470 2740 earum
523 2691 984 2768 personarum
1047 2690 1281 2741 mores
1313 2664 1591 2740 ¹acerbe
1650 2664 2269 2766 reprehenderunt
2290 2723 2314 2760 ‚

229 2780 649 2885 Euripidem
711 2798 834 2860 aut
902 2810 1051 2858 non
1110 2785 1470 2887 legerunt,
1518 2797 1669 2858 ¹aut
1728 2812 1880 2859 non
1957 2784 2322 2861 intellexe-

232 2915 402 2975 runt
426 2960 445 2994 ,
521 2916 643 2976 aut
727 2916 918 2978 certe
977 2928 1126 2977 non
1204 2903 1374 2977 satis
1438 2900 2084 2978 animadverterunt
2150 2925 2319 2976 eum

228 3018 437 3119 plane
493 3018 840 3091 diversam
888 3020 1122 3092 iniisse
1175 3020 1523 3094 rationem
1542 3076 1562 3108 ‚
1615 3043 1830 3120 quam
1892 3019 2321 3119 Aeschylum

235 3147 312 3206 et
377 3134 825 3233 Sophoclem.
940 3137 1270 3209 Senserat
1321 3134 1662 3207 nimirum
1694 3165 1702 3174 ·
1731 3136 1994 3209 horum
2064 3134 2319 3210 fabulis

233 3249 504 3353 aliquid
563 3253 790 3327 inesse
866 3255 1061 3355 quod
1120 3253 1541 3329 humanitati
1620 3266 1696 3327 et
1758 3251 2008 3356 pietati
2065 3273 2325 3354 repug-

232 3383 480 3446 naret:
536 3373 779 3445 matris
822 3375 1014 3446 enim
1063 3373 1357 3449 caedem
1403 3371 1746 3448 eiusmodi
1787 3397 1936 3446 esse
1967 3429 1987 3463 ,
2038 3384 2122 3445 ut
2165 3369 2322 3444 nul-

235 3491 322 3567 lis
376 3494 676 3566 miseriis
713 3550 733 3586 ,
804 3491 1016 3566 nullis
1076 3491 1408 3596 periculis
1437 3549 1457 3585 ,
1518 3491 1730 3566 nullis
1804 3489 2014 3564 huius
2073 3488 2320 3564 matris

235 3611 617 3687 sceleribus
638 3671 657 3705 ,
708 3635 941 3713 neque
977 3611 1089 3686 vel
1130 3614 1284 3715 ipsa
1322 3610 1542 3714 patris
1596 3609 1866 3686 ultione
1919 3617 2160 3710 posset
2203 3632 2325 3681 ex-

2104 3759 2111 3766 ·
2203 3754 2326 3806 cu-

243 3913 304 3964 tu
271 3927 341 3964 ιιι·
406 3926 484 3984 qu
447 3909 596 3967 noda
598 3910 829 3969 mmodo
897 3911 974 3971 ad
1013 3908 1390 3976 imitationem
1433 3910 1587 3974 senis
1638 3909 1701 3972 in
1748 3912 1888 4018 Oed-
1943 3915 2082 4042 Τγν.
2067 3953 2117 3990 .,
2160 3910 2359 3992 mim,

238 3997 383 4059 irem
417 4020 530 4081 ope
566 3998 636 4061 fit
669 4001 1063 4083 ἀνιγυόμσις.
