2760 4725
1237 289 1366 361 ,τ-
1466 242 1821 367 1842·-

480 465 670 544 εηιι,
703 448 974 552 generis
1010 438 1451 536 contemtus,
1486 457 1734 547 turpes
1780 441 2094 549 denique
2135 458 2211 521 et
2242 426 2581 550 indigine

477 568 770 673 nuptiae
829 562 1269 640 accederent.
1410 563 1735 639 Electrae
1820 576 2062 637 autem
2143 563 2577 666 Euripideae

473 718 624 766 non
660 714 745 763 ea
779 699 887 759 est
930 683 1312 776 fortitudol,
1355 712 1504 760 non
1540 710 1623 758 ea
1665 682 2059 759 constantia
2080 738 2105 774 ‚
2154 708 2376 785 quam
2410 682 2578 758 He·

473 823 665 883 ctrae
714 828 882 877 suae
933 798 1181 875 tribuit
1226 800 1646 903 Sophocles:
1721 798 1917 902 quod
1974 801 2214 902 ipsum
2279 801 2573 877 fortasse

470 923 727 1002 melius
785 933 979 995 certe
1039 920 1274 993 verius
1319 931 1455 995 est.
1552 918 1973 992 Meminerat
2035 918 2235 992 enim
2285 920 2575 1023 Euripi-

473 1043 601 1125 des
646 1040 841 1149 quod
889 1038 965 1115 in
1009 1041 1160 1113 viro
1192 1035 1578 1141 pulchrum
1622 1038 1718 1112 sit
1755 1049 1829 1109 et
1856 1034 2334 1130 laudandum,
2381 1037 2575 1113 idem

475 1163 821 1263 virginem
871 1153 1242 1231 dedecere.
1343 1154 1536 1229 Hinc
1572 1167 1881 1230 mortem
1917 1157 2226 1248 metuit,
2270 1182 2339 1232 ν.
2380 1183 2574 1257 219,

470 1274 642 1354 hinc
697 1278 944 1381 ipsam·
983 1274 1414 1376 paupertatis
1474 1272 1702 1376 pudet
1729 1331 1753 1367 ,
1821 1301 1886 1352 v.
1929 1276 2077 1369 402
2104 1333 2127 1367 ‚
2200 1274 2371 1349 hinc
2418 1275 2574 1349 eiua

468 1395 701 1473 luctus
753 1406 829 1468 et
863 1389 1294 1490 indignatio,
1348 1406 1422 1473 et
1474 1394 1629 1494 ipsa
1664 1394 1770 1470 ira
1806 1408 1882 1470 et
1915 1394 2163 1469 odium
2206 1393 2572 1469 muliebris

473 1525 645 1611 sunt
681 1507 902 1585 animi
922 1532 1127 1611 ,hnec
1153 1509 1431 1619 virilem
1462 1510 1897 1586 ferocitatem
1938 1514 2280 1590 referunt.
2360 1516 2569 1589 Ores-

468 1634 566 1708 tis
619 1654 788 1708 vero
836 1632 1071 1703 mores
1135 1627 1287 1702 sine
1348 1628 1565 1703 dubio
1624 1644 1796 1707 sunt
1844 1632 2226 1709 nobiliores
2292 1646 2369 1706 et
2417 1657 2571 1706 me-

466 1754 678 1829 liores
713 1808 734 1845 ,
824 1775 1043 1852 quam
1117 1746 1197 1820 in
1268 1746 1601 1853 Aeschyli
1670 1759 1745 1825 et
1831 1750 2200 1856 Sophoclis
2283 1753 2560 1829 fabulis.

471 1873 718 1963 Quum
778 1869 974 1945 enim
1038 1865 1340 1973 maiores
1398 1865 1658 1942 habeat
1726 1872 2004 1972 proprii
2060 1871 2209 1947 odii
2275 1898 2519 1946 causas
2540 1924 2567 1964 ,

472 1986 779 2093 (quippe
838 1984 967 2089 qui
1019 2010 1232 2089 vagus
1296 1997 1373 2058 et
1436 1987 1678 2081 exsul,
1757 1991 1935 2091 quin
1994 1990 2210 2065 etiam
2280 2001 2567 2077 στωιζω

472 2124 572 2187 τοῦ
607 2109 733 2183 καθ’
773 2116 998 2205 ἡμέρωι
1041 2113 1208 2201 βίω,
1255 2123 1324 2181 ν.
1372 2102 1541 2179 233.
1590 2131 1793 2209 sqq.‚
1844 2107 1917 2183 iu
1958 2136 2239 2185 summo
2282 2137 2569 2217 quoque

472 2227 658 2313 vitae
722 2238 1040 2307 versatur
1094 2220 1432 2328 periculo,
1495 2250 1562 2301 v.
1616 2226 1797 2325 33.)
1867 2254 2221 2330 nusquam
2272 2242 2512 2303 tamen
2544 2285 2567 2320 ,

475 2348 582 2428 uti
623 2344 814 2450 apud
859 2340 1287 2447 Aeschylum
1330 2354 1608 2446 aperte,
1659 2355 1783 2418 aut
1837 2354 2022 2421 tecte
2055 2343 2249 2448 apud
2293 2344 2571 2447 Sopho-

471 2464 697 2555 clem,
745 2487 822 2536 se
862 2461 1227 2563 propriam
1270 2461 1484 2536 simul
1535 2457 1874 2538 ultionem
1924 2467 2254 2565 persequi
2305 2465 2569 2564 signifi-

471 2593 622 2673 eat3
674 2576 837 2667 sed,
884 2577 1289 2678 postpositis
1327 2604 1509 2680 quae
1556 2579 1711 2654 ad
1689 2608 1925 2682 ipsum
1962 2586 2369 2684 pertinent,
2420 2610 2575 2658 ma-

468 2695 598 2769 tris
662 2705 942 2768 tantum
1007 2690 1435 2766 adulterium
1501 2708 1575 2770 et
1636 2699 1899 2799 patris
1926 2725 2181 2774 necem
2252 2702 2517 2801 cogitat
2540 2754 2571 2795 ‚

469 2838 539 2888 v.
592 2811 717 2888 86.
783 2809 955 2910 604.
1006 2838 1167 2916 sq.,
1232 2836 1468 2915 neque
1515 2812 1837 2891 inimicos
1885 2843 2089 2911 suos,
2138 2818 2268 2892 sed
2322 2830 2571 2907 δικαίως

470 2943 780 3032 μιάστορας
832 2929 1013 3006 iusta
1063 2928 1342 3004 afficere
1391 2954 1623 3030 poena
1673 2935 2073 3009 constituit:
2137 2939 2231 3011 cf.
2286 2964 2356 3014 v.
2386 2938 2567 3038 687.

475 3051 813 3128 Ceterum
872 3052 972 3130 ita
1039 3051 1455 3127 coniunctae
1530 3064 1698 3126 sunt
1759 3053 2085 3131 Electrae
2160 3069 2235 3129 et
2293 2999 2568 3132 Orestis

474 3196 816 3274 personae
840 3227 861 3263 ,
911 3185 991 3248 ut
1031 3171 1414 3273 separatim
1452 3167 1638 3244 bene
1682 3173 2108 3249 considerari
2156 3192 2517 3278 nequeant
2538 3203 2564 3253 z

479 3314 695 3391 quare
761 3283 973 3361 simul
1031 3312 1275 3362 earum
1335 3288 1414 3362 in
1471 3286 1609 3361 hac
1658 3287 1891 3365 sabula
1950 3306 2187 3392 partes
2253 3292 2571 3369 breviter

477 3402 1034 3496 recensebimus,
1063 3431 1207 3507 quo
1237 3405 1459 3505 magis
1492 3405 1705 3482 etiam
1744 3407 2083 3504 elucebit,
2110 3410 2305 3513 quod
2351 3437 2570 3514 supra

469 3521 570 3610 de
611 3525 790 3600 Fato
835 3520 1170 3603 diximus-²

569 3642 894 3734 Eleon-af
959 3641 1287 3718 adversae
1340 3643 1662 3719 fortunae
1734 3645 2236 3750 impetuvicta
2300 3662 2377 3722 et
2436 3674 2570 3748 op-

473 3777 714 3852 pressa
735 3816 754 3849 ,
822 3758 902 3833 in
955 3759 1230 3836 fabulae
1295 3762 1499 3838 initio
1548 3765 1862 3840 am’mum
1922 3765 2323 3867 despondet
2359 3824 2378 3857 ,
2426 3791 2573 3840 nee

478 3880 586 3942 tot
651 3874 999 3975 tantisque
1058 3879 1262 3958 malis
1323 3883 1646 3962 resistere
1712 3884 1917 3963 valet.
2035 3883 2311 3987 Regalis
2370 3882 2569 3956 enim

2422 4019 2574 4074 vu·-
