2760 4725
1035 412 1583 496 ——189-

265 590 636 683 Eanum
661 604 948 687 fian-m
983 610 1899 718 adfachuspropellentem
1920 672 1941 709 ‚
1990 621 2346 697 eamdem·

263 746 420 825 que
465 727 673 817 matri
716 753 794 803 se
825 729 1238 808 submittere
1273 735 1781 827 simulantem,
1828 735 2003 810 dum
2045 738 2112 812 ei
2160 764 2351 815 mer-

275 849 425 911 tem
476 857 720 942 parat,
764 870 1057 952 eamque
1095 853 1349 945 feroci,
1399 854 1595 957 quod
1645 855 1762 929 vix
1799 853 2183 955 reprimere
2221 880 2356 956 pu

274 967 448 1048 test,
502 962 752 1059 gaudio
784 966 1192 1043 matricidae
1237 970 1465 1070 gladio
1503 970 1754 1063 tradit,
1802 996 1880 1044 v.
1928 998 1953 1045 1
1976 972 2107 1067 143
2143 997 2345 1074 sqq.-

271 1073 333 1144 si
375 1015 565 1150 illam
612 1104 820 1155 caeco
865 1083 1104 1160 furore
1153 1088 1558 1190 abreptam,
1623 1088 1945 1162 omnium
1998 1087 2347 1164 scelerum

270 1191 656 1269 maximum
708 1210 1045 1301 tanquam
1101 1229 1455 1282 summam
1510 1206 1913 1283 felicitatem
1958 1219 2350 1309 expetere,

271 1310 615 1404 suadere,
682 1315 928 1394 iubere
980 1322 1351 1417 videmus,
1417 1350 1566 1402 non
1607 1349 1981 1428 possumus
2040 1351 2190 1399 non
2247 1325 2343 1400 de

269 1426 388 1503 illa
441 1431 836 1510 calamitate
894 1438 1235 1538 cogitare,
1305 1384 1399 1516 de
1451 1443 1706 1519 invicta
1752 1441 1872 1517 illa
1898 1442 2095 1537 Ἄτῃ,
2158 1466 2344 1543 quae

267 1546 573 1623 familiae
618 1552 734 1627 isti
769 1553 1219 1649 inhaerebat,
1286 1582 1473 1656 quae
1524 1557 1725 1632 caedi
1772 1581 2030 1631 novam
2064 1582 2347 1661 semper

270 1664 581 1741 addebat
610 1669 900 1746 caedem
922 1728 943 1765 ,
992 1672 1222 1773 deque
1253 1672 1316 1747 F
1319 1675 1418 1746 ati
1443 1684 1725 1749 aeterna
1750 1673 2205 1765 necessitate,
2222 1673 2349 1748 cui

269 1781 487 1856 frater
528 1797 601 1858 et
655 1809 855 1864 soror
897 1787 1224 1865 resistere
1274 1799 1634 1890 nequeant
1665 1845 1687 1882 ,
1762 1814 1907 1890 qua
1958 1815 2170 1867 meet>
2206 1792 2349 1867 im-

266 1915 443 2006 pem
485 1903 578 1981 ad
628 1902 977 2006 agendum
1014 1904 1521 2011 propellantur.
1628 1906 1828 1982 Haec
1868 1909 2093 2009 magis
2134 1911 2350 1985 etiam

267 2019 345 2111 in
382 2021 633 2099 Oreste
662 2037 1043 2126 apparent,
1090 2025 1219 2127 qui
1245 2048 1321 2098 se
1357 2025 1589 2101 scelus
1620 2027 2157 2102 commissumm
2193 2052 2347 2103 esoe

269 2140 383 2227 vel
423 2144 738 2243 agnoscit
765 2198 788 2235 ‚
855 2140 971 2217 vel
1016 2167 1186 2221 sane
1229 2141 1630 2243 suspicatur
1650 2194 1673 2232 ,
1741 2153 1819 2215 et
1866 2154 2153 2217 veretur
2180 2198 2204 2235 ,
2271 2155 2351 2217 et

271 2263 431 2340 Fati
464 2276 702 2337 tamen
738 2258 1040 2335 decretis
1063 2313 1084 2350 ,
1131 2257 1297 2333 licet
1330 2257 1590 2332 invitus
1610 2314 1631 2352 ,
1681 2284 1759 2335 se
1792 2258 2207 2337 submittere
2228 2286 2358 2347 ‚00-

270 2389 478 2487 gitur.
577 2379 705 2455 Illa
719 2437 739 2472 ,
787 2380 983 2455 rabie
1031 2379 1230 2482 quasi
1271 2379 1524 2479 agitata
1546 2431 1567 2468 ‚
1624 2402 1966 2481 praeceps
1996 2379 2141 2455 ruit
2156 2437 2178 2474 ,
2223 2382 2351 2459 hic

265 2506 339 2580 vi
379 2503 626 2579 maiori
673 2514 746 2577 et
787 2502 1065 2602 ignotae
1115 2496 1306 2575 cedit
1322 2552 1346 2588 ,
1408 2492 1531 2569 hic
1570 2494 1968 2597 periculum
2010 2499 2351 2601 suspicit,

265 2621 462 2728 quud
509 2622 814 2723 effugere
855 2617 1124 2722 nequit.
1248 2616 1639 2717 Postquam
1678 2640 1847 2690 vero
1890 2616 2055 2694 Fati
2102 2619 2356 2698 decre·

265 2743 401 2835 tis,
446 2740 864 2835 Vindictae,
911 2751 990 2815 et
1025 2734 1323 2816 oraculis
1353 2735 1781 2812 satisfactum
1827 2748 1971 2831 est,
2023 2735 2241 2813 frater
2268 2750 2348 2812 et

264 2886 464 2935 soror
518 2884 594 2934 se
642 2887 789 2935 non
839 2866 1118 2932 tautum
1168 2866 1447 2963 pau-em
1498 2853 1684 2929 ultos
1746 2878 1953 2949 esse,
2021 2854 2151 2930 sed
2202 2881 2348 2932 ma·

265 2994 452 3054 trem
503 2975 716 3054 simul
779 2973 1249 3047 interemisse
1273 2982 1705 3068 agnoscunt,
1780 2993 1859 3047 ν.-
1916 3001 1944 3049 ι
1965 2974 2128 3050 181.
2182 2998 2349 3073 sqq.

267 3096 753 3174 Conscientiae
812 3091 956 3163 iam
1018 3084 1318 3162 stimulis
1370 3082 1758 3182 agitantur.
1838 3088 2157 3188 querelas
2199 3089 2349 3162 veri

265 3214 556 3289 affectus
613 3207 1052 3312 plenissimas
1106 3199 1530 3278 effundunt.
1595 3199 1879 3303 culpam
1926 3218 2223 3308 uterque
2267 3206 2349 3281 in

262 3357 341 3406 se
374 3343 450 3404 et
475 3331 551 3403 in
581 3329 879 3403 alterum
908 3318 1121 3397 simul
1159 3322 1587 3396 coniiciunt·
1635 3320 2099 3398 recordantur
2124 3348 2345 3425 quam

259 3449 514 3523 misere
562 3457 866 3522 mortem
911 3439 1284 3545 deprecata
1332 3438 1427 3513 sit
1467 3451 1733 3533 mater,
1806 3463 2163 3542 quamque
2216 3437 2352 3511 im·

259 3572 380 3671 pie
425 3595 584 3645 eam
621 3557 1345 3642 trucidafint.1nde
1385 3558 1688 3634 maxime
1726 3559 2062 3691 tragicam
2103 3554 2350 3658 volup·

261 3702 481 3763 tatem
520 3687 810 3790 pariunt
827 3682 1133 3756 Orestes
1183 3689 1260 3751 et
1294 3675 1617 3769 Electra,
1677 3673 1873 3778 quod
1909 3674 2151 3748 miseri
2191 3686 2346 3748 tan·

264 3819 423 3880 tum
473 3819 697 3897 sunt,
769 3813 844 3876 et
904 3798 1115 3903 culpa
1161 3808 1449 3892 carent,
1512 3795 1646 3872 etsi
1709 3817 2066 3870 summum
2117 3790 2345 3869 scelus

258 3921 790 4001 commiserunt.-

359 4041 691 4119 ceterum
728 4063 950 4146 quum
997 4037 1136 4115 hoc
1172 4049 1411 4114 tamen
1450 4032 1664 4111 modo
1701 4029 1975 4114 fabulae
2012 4034 2229 4111 finis
2204 4055 2337 4106 un-

1330 4158 1395 4236 A
1417 4183 1458 4231 a
1488 4155 1551 4232 3
2149 4143 2324 4245 poni
