2760 4725
973 316 1082 365 e-
1175 289 1324 373 193
1410 275 1556 393 ,αἰ

190 484 511 593 Pylades
559 489 770 591 igitur
807 482 929 563 ille
950 543 973 579 ,
1024 487 1149 589 qui
1205 487 1475 562 Orestis
1528 485 1892 575 adversam
1936 492 2287 575 fortunam

191 608 516 681 amicitia
562 631 690 684 sua
733 604 1096 682 sublevare
1123 664 1145 697 ,
1207 606 1417 708 eique
1473 631 1754 707 semper
1812 606 2054 685 adesse
2108 602 2291 713 sole?

183 720 355 815 bat,
410 724 538 827 qui
583 751 751 800 cum
794 750 880 799 eo
935 728 1108 823 ᾕρητο
1150 730 1472 817 κελεύθοις,
1521 740 1595 800 et
1640 725 1953 829 pericula
1999 726 2280 822 obibat,

181 844 506 917 amicum
560 857 858 919 tantum·
887 845 1155 919 facinus
1221 843 1711 944 adgressurum
1762 844 2083 919 deserere
2126 870 2280 921 non

173 960 451 1058 potuit.
568 961 757 1037 Hinc
806 962 1108 1065 Pylades
1169 966 1498 1046 Orestem
1565 963 1939 1038 comitatur
2006 964 2084 1037 in
2129 965 2276 1038 Ae-

169 1074 408 1175 schyli
442 1076 903 1177 Choe‘phonls,
936 1079 1303 1181 Sophoclis
1323 1082 1609 1154 Electra
1632 1137 1650 1172 ,
1674 1074 2032 1183 Euripidis
2062 1081 2272 1154 Elec·

161 1207 322 1287 tra,
406 1201 656 1273 Oreste
677 1257 697 1291 ,
770 1212 846 1273 et
893 1197 1268 1299 Iphigenia
1317 1199 1649 1273 Taurica.
1775 1197 1989 1292 Quod
2030 1211 2270 1273 autem

167 1314 398 1390 modo
447 1317 594 1391 dixi
611 1375 631 1411 ‚
679 1317 860 1391 mihi
899 1316 1123 1391 videri
1159 1330 1429 1391 veteres
1455 1331 1749 1420 propter
1779 1314 2057 1419 Pyladis
2090 1317 2265 1391 ami-

163 1432 382 1508 citiae
424 1447 744 1508 sanctam
780 1435 980 1535 quasi
1025 1434 1281 1507 famam
1311 1462 1477 1510 eum
1516 1435 1606 1509 ab
1650 1438 1897 1510 Oreste
1934 1456 2261 1536 separare

163 1574 386 1623 ausos
471 1579 618 1625 non
687 1578 835 1626 esse
872 1610 893 1645 ,
969 1550 1106 1625 hoc
1199 1554 1472 1652 egregie
1557 1552 2087 1629 confirmaretur
2109 1609 2128 1642 ,
2196 1544 2261 1624 si

164 1688 433 1741 omnes
480 1670 805 1771 antiquae
862 1668 1128 1743 Orestis
1171 1654 1467 1743 statuae.
1489 1681 1563 1741 et
1610 1668 1945 1769 imagines
1982 1666 2262 1742 vasibus

161 1796 292 1856 aut
333 1786 804 1861 marmoribus
846 1786 1278 1889 insculptae,
1324 1811 1504 1889 quae
1547 1785 1838 1885 quidem
1880 1774 2261 1863 adnostra

159 1914 500 2003 tempora
547 1917 1064 2007 pervenerunt,
1115 1900 1471 1998 Pyladem
1528 1912 1871 2005 perpetuo
1923 1903 2260 1977 comitem.

162 2014 542 2094 haberent.
665 2024 820 2099 Iam
877 2049 1046 2097 vero
1099 2024 1178 2097 in
1235 2021 1586 2127 plerisque
1648 2024 1949 2126 antiquis
2002 2048 2258 2099 monu»

159 2139 431 2214 mentis
485 2140 768 2214 Orestes
825 2138 1117 2241 quidem
1169 2165 1336 2213 cum
1375 2139 1639 2240 Pylade
1680 2140 2070 2230 invenitur3
2124 2134 2253 2214 sed

157 2280 316 2330 non
359 2254 648 2349 desunt,
699 2256 774 2330 in
805 2255 1065 2359 quihus
1113 2257 1399 2337 Orestes
1428 2264 1611 2335 sine
1644 2255 1911 2358 Pylade
1960 2254 2254 2343 exhibe.-

143 2375 352 2450 'tur.-
434 2375 548 2451 Ne
599 2390 840 2451 tamen
895 2376 1055 2478 quis
1113 2375 1254 2452 boo
1313 2380 1549 2480 ipsum
1600 2374 2259 2462 sententiae-meae.

155 2491 492 2587 obiiciat,
538 2494 1238 2574 animadvertendum
1288 2512 1397 2573 est
1427 2507 2045 2572 monumentorum
2081 2495 2249 2570 isto·

157 2636 327 2688 rum
371 2613 558 2690 hanc
604 2611 753 2690 esse
803 2615 1150 2691 rationem
1176 2672 1196 2707 ,
1248 2625 1331 2690 ut
1376 2615 1453 2689 in
1504 2613 1589 2687 iis
1640 2612 2065 2713 explicandis
2105 2613 2245 2691 viri

155 2726 351 2806 docti
386 2759 533 2806 non
581 2734 1059 2824 consentiant,
1112 2747 1320 2836 atque
1357 2729 1822 2806 diversissima
1856 2759 2068 2835 saepe
2097 2748 2242 2810 tra-

156 2846 355 2926 dant.
423 2853 697 2928 Deinde
742 2855 818 2927 in
847 2852 1177 2927 omnibus
1216 2849 1561 2926 eiusmodi
1603 2850 2028 2950 imaginibus
2053 2879 2234 2955 quae

156 2967 427 3042 Orestis
470 2994 618 3044 esse
671 2969 1163 3073 perhibentur,
1227 2992 1682 3070 quascunque
1733 2972 1924 3063 vidi,
1998 2973 2141 3045 sive
2187 2999 2232 3048 a

152 3086 267 3165 Cl.
323 3088 706 3163 Reuvensio
735 3145 755 3179 ,
825 3087 976 3161 viro
1032 3087 1261 3159 omnis
1319 3086 1751 3188 antiquitatis
1806 3087 2231 3189 peritissimo

147 3231 366 3307 quem
414 3205 706 3281 honoris
749 3230 959 3280 causa
1006 3197 1294 3281 nomino
1322 3219 1366 3297 ,²
1407 3207 1585 3281 mihi
1639 3208 2228 3299 communicatas,

144 3324 292 3396 sive
332 3321 615 3397 aliunde
651 3336 848 3398 notas
882 3380 904 3413 ,
967 3324 1350 3402 certissima
1390 3325 1656 3401 indicia
1693 3325 2227 3426 deprehendere

137 3440 316 3513 mihi
368 3442 554 3514 visus
606 3469 764 3516 sum
793 3499 813 3535 ,
886 3468 1002 3517 eas
1059 3445 1334 3519 serioris
1399 3471 1550 3519 esse
1582 3446 1792 3537 aevi,
1861 3447 2080 3548 inque
2138 3448 2226 3521 iis

134 3558 306 3658 ipsis
335 3563 758 3658 tragicorum
798 3573 1231 3653 nostrorum,
1283 3565 1357 3638 in
1391 3567 1640 3667 primis
1676 3567 2074 3670 Euripidis,
2119 3570 2224 3643 fa·

136 3673 336 3750 bulas
373 3678 650 3778 respici.
752 3679 970 3780 Atqui
1012 3681 1148 3757 hoc
1196 3698 1470 3758 tantum
1513 3684 1953 3787 quaerimus,
2007 3712 2223 3788 quae-

129 3819 300 3868 nam
364 3795 575 3872 suerit
643 3796 814 3896 ipsis
891 3802 1315 3900 tragicorum
1371 3801 1809 3902 temporibus
1870 3801 2217 3902 Pyladeae

125 3909 469 3989 amicitiae
530 3911 732 4019 vulgo
794 3931 1075 4024 recepta
1157 3919 1338 3991 farm
1373 3944 1398 3994 ε
1482 3915 1675 3993 unde
1730 3933 1927 4022 patet
1984 3948 2217 4022 neque

1253 4036 1388 4111 Bb
2032 4041 2217 4114 eius-
