2760 4725
1343 304 1472 341 b,-

1173 346 1723 428 ...226³ae

387 550 521 625 hos
567 549 659 627 ad
711 547 1065 627 Electram
1116 544 1370 620 omnia*
1410 550 1757 648 spectant.
1875 531 2474 645 Agamenmonis3

389 665 1029 769 Clytaemneswae‚
1050 662 1462 766 O'restisque
1491 669 1757 742 mentio
1789 691 1937 740 non
1978 669 2093 757 fit,
2130 668 2269 741 nisi
2299 695 2472 770 qua-

386 790 593 889 tenus
629 784 800 858 baec
849 781 1084 855 omnia
1129 781 1222 856 ad
1257 782 1585 857 miseram
1629 782 1953 856 Electrae
2001 784 2479 859 conditionem

387 903 813 1005 pertineant.
918 900 1301 1001 Sophocles
1330 957 1351 993 ,
1401 899 1528 1003 qui
1579 900 1654 971 in
1705 901 2025 975 universa
2070 904 2207 978 hac
2245 901 2479 978 sabula

389 1019 709 1095 moribus
761 1021 1179 1119 praesertim
1224 1045 1515 1121 operam
1565 1018 1843 1092 dedisse
1897 1020 2218 1112 videtur,
2287 1020 2484 1095 hunc

390 1137 608 1245 etiam
657 1134 942 1230 locum,
992 1139 1223 1239 primo
1281 1139 1639 1213 Electrae'
1634 1137 2008 1235 ingressu,
2060 1137 2287 1211 indoli
2331 1138 2484 1213 eius

391 1250 852 1388 explicandae
927 1254 1270 1333 adhibuit.
1420 1252 1635 1347 Quod
1722 1256 1784 1328 si
1872 1255 2060 1330 bene
2150 1267 2430 1328 tenetur
2457 1308 2482 1345 ,
2556 1296 2561 1303 ·

395 1368 722 1473 quisque
727 1368 927 1443 facile
970 1370 1420 1447 confitebitur
1460 1378 1748 1472 poetam
1790 1398 2065 1448 summa
2110 1383 2259 1444 arte
2294 1369 2497 1471 (Ηιιιςἢ

395 1489 463 1563 ri
517 1486 784 1561 monita
847 1484 1168 1562 Electrae
1226 1487 1530 1590 querelis
1602 1491 2064 1588 opposuisse.
2136 1490 2249 1563 his
2310 1489 2487 1591 ipsis

395 1608 589 1683 enim
627 1604 945 1699 Electra,
995 1628 1177 1709 quae
1226 1632 1361 1682 nec
1412 1606 1547 1681 sibi
1594 1610 2026 1712 temperare,
2062 1624 2297 1708 neque
2332 1607 2495 1682 aliis

400 1737 568 1801 aut
594 1748 846 1827 parere
905 1739 1025 1800 aut
1085 1725 1376 1827 obsequi
1433 1739 1712 1828 potest,
1776 1726 1997 1799 animi
2065 1720 2491 1824 maguitudi-

404 1867 611 1931 ncm,
659 1843 1033 1949 pietatem,
1087 1844 1598 1934 constantiam,
1650 1844 1870 1932 iram,
1907 1839 2189 1930 odium,
2241 1860 2490 1913 omnes

405 1958 627 2037 animi
682 1970 915 2032 motus
965 1962 1240 2036 exserit.
1341 1960 1498 2035 Hoc
1535 1959 1846 2034 carmine
1894 1955 2333 2031 auditoribus
2356 1969 2496 2030 sta·

401 2070 544 2151 tini
600 2074 756 2149 talis
814 2074 1104 2154 offertur
1151 2077 1543 2181 Sophoclea
1592 2077 1874 2152 Electra
1894 2134 1915 2167 ,
1965 2073 2246 2177 qualem
2288 2074 2497 2153 dein*-

410 2194 508 2267 de
563 2190 637 2267 se
697 2190 1072 2295 praestat,
1109 2194 1507 2297 Aegistho
1547 2220 1799 2269 necem
1859 2206 2179 2285 struens,
2224 2192 2501 2266 nutris

412 2309 672 2386 caedis
705 2311 935 2401 socia,
947 2310 1412 2416 fratremque
1465 2307 1865 2414 propellens
1908 2325 2246 2414 tanquam
2298 2313 2503 2390 fist-iis

406 2435 599 2506 acta.
683 2431 929 2505 Huius
965 2432 1108 2506 loci
1161 2434 1308 2507 vim
1349 2445 1433 2507 ut:
1480 2430 1638 2531 quis
1694 2426 1876 2501 bene
1918 2430 2309 2530 percipiat,
2356 2430 2504 2503 suf-

387 2543 566 2648 ficit
598 2507 814 2623 modo
852 2547 986 2619 sibi
1034 2550 1253 2650 fingat
1293 2549 1719 2650 Sophoclem
1759 2559 1988 2622 totum
2035 2547 2176 2624 hoc
2215 2574 2505 2623 carmen

412 2661 965 2769 praetermisisse
993 2716 1013 2750 ,
1074 2676 1150 2736 et
1197 2663 1551 2737 Electram
1599 2689 1806 2739 versu
1858 2664 2148 2738 demum
2214 2668 2361 2760 248
2425 2669 2504 2745 in

412 2808 701 2858 scenam
746 2778 1210 2883 processisse,
1265 2780 1645 2885 Choroque
1695 2780 1948 2858 acerbe
1990 2780 2329 2882 quidem,
2378 2782 2506 2859 md

416 2897 696 3006 placida
773 2911 1012 2972 tamen
1087 2899 1448 2991 oratione',
1532 2898 1678 2975 odii
1758 2925 2001 2974 causas
2082 2900 2503 3000 exposuisse.

405 3020 576 3097 ‘Nec
616 3017 1327 3120 praetermittendum
1361 3015 1599 3091 locum
1642 3013 1843 3087 illum
1878 3016 1974 3088 ita
2018 3029 2509 3114 comparatum

423 3163 575 3211 esse
611 3149 692 3209 ut
744 3129 1098 3207 auditores
1137 3133 1592 3206 vehementer
1630 3156 2076 3206 commovere
2134 3130 2510 3230 debuerit,

411 3252 932 3355 ‘quodtragico
981 3256 1250 3350 poetae
1282 3275 1433 3322 non
1481 3262 1589 3321 est
1616 3245 2137 3346 negligendum.
2239 3251 2516 3354 Engu-

373 3389 380 3402 ·
419 3375 547 3446 ’tur
570 3427 590 3462 ,
641 3367 832 3441 dolet
858 3422 877 3459 ,
945 3368 1353 3456 miseratur,
1423 3361 1890 3468 imprecatur,
1953 3364 2126 3438 furit
2176 3365 2511 3446 Electra}

411 3485 773 3563 'malorum
834 3483 1383 3559 consolationem
1450 3484 1766 3558 invenire
1824 3482 2113 3585 nequit,
2150 3485 2512 3587 accipere

427 3617 731 3681 recusat.
834 3603 1118 3676 Patrem
1167 3601 1410 3676 ulcisci
1451 3603 1741 3706 nequit,
1794 3601 1921 3676 sed
1962 3601 2113 3674 eins
2152 3600 2375 3677 fatum
2408 3603 2544 3679 lu·-

417 3747 597 3818 ·gere
645 3735 900 3822 potest.
1013 3718 1183 3804 'Hoc
1235 3715 1510 3795 tantum
1554 3722 1869 3824 quaerit,
1938 3719 2076 3794 hoc
2128 3719 2344 3796 unice
2399 3720 2524 3800 de-

411 3834 771 3910 'lectatum

2395 4079 2526 4150 ἀλλ’
