2760 4725
1013 319 1506 396 ...Βὸ-.-

213 539 384 603 etor
439 536 550 600 est
615 518 957 593 amrmts
980 575 999 612 ‚
1048 518 1246 593 cuius
1294 520 1487 623 apud
1528 544 1693 597 eum
1748 522 1927 603 haec
1961 545 2069 607 oet
2111 554 2306 613 sumo·

219 669 367 719 ma.
465 628 719 742 Pelops
771 637 1051 714 Tantali
1110 640 1164 712 f.
1213 641 1452 714 Pisam
1515 667 1591 723 se
1646 633 1944 721 contulit
1964 706 1986 742 ‚
2057 651 2299 755 ibique

217 760 776 862 Hippodamiam
847 755 1145 860 adeptus
1177 814 1198 849 ‚
1265 760 1708 834 Oenomaum
1761 763 1965 841 hasta
2014 764 2299 847 occidit.

216 879 456 979 Iphig.
511 881 716 952 Tam·
761 902 828 953 v.
878 902 938 948 1.
988 900 1146 976 sqq.
1197 902 1276 948 v.
1319 871 1487 952 806.
1534 903 1693 979 sqq.
1786 874 2061 957 Deinde
2106 886 2181 959 in
2220 886 2305 960 li-

217 1010 370 1070 tore
409 1022 623 1069 curru
673 1007 916 1068 vectus
965 994 1325 1093 Myrtilum
1365 994 1445 1107 in
1494 1018 1691 1067 mare
1744 997 2039 1093 deiecit,
2088 1017 2301 1104 atquo

215 1115 316 1190 ita
351 1117 502 1190 eius
537 1130 816 1217 patrem
866 1114 1296 1188 Mercurium
1340 1112 1480 1184 sihi
1525 1117 1961 1217 posterisque
2004 1122 2145 1193 suis
2186 1122 2302 1195 in·-

213 1235 474 1307 festum
538 1232 896 1307 reddiditz
969 1235 1095 1305 ὅθεν
1162 1237 1374 1329 δόμοισι
1427 1275 1523 1288 -
1569 1228 1691 1319 ἦλθ’
1761 1242 1878 1331 ἀρὰ
1951 1241 2292 1323 welhet-omes

219 1356 446 1429 Orest.
499 1379 564 1428 v.
602 1355 770 1454 981.
819 1377 977 1454 sqq.
1026 1349 1274 1452 Iphig.
1345 1353 1420 1425 T
1409 1377 1570 1425 aur.
1619 1338 1779 1424 183.
1831 1376 1990 1451 sqq.
2069 1357 2295 1430 Oaest.

213 1497 295 1543 v.
352 1470 559 1566 1541.
653 1473 972 1547 Deorum
1025 1472 1219 1545 enim
1287 1469 1393 1545 ira
1447 1470 1684 1545 infelix
1735 1468 2019 1569 Pelopis
2075 1497 2298 1570 genua

210 1590 541 1693 persequi
610 1589 1027 1682 videbatur,
1097 1588 1273 1686 Iplz.
1349 1592 1433 1665 T.
1469 1578 1638 1687 956.
1743 1590 1996 1663 Secuta
2054 1605 2160 1664 est
2205 1585 2297 1666 de

211 1735 428 1783 aureo
479 1733 658 1809 agno
695 1707 781 1782 lis
811 1735 1025 1811 quam
1079 1712 1293 1783 Atreo
1341 1721 1416 1781 et
1450 1705 1739 1805 Thyesti
1780 1706 2071 1780 immisit
2116 1711 2300 1783 Mer-

209 1828 472 1901 curius,
542 1829 662 1902 Or.
701 1829 872 1927 988.
940 1853 1098 1927 sqq.
1194 1826 1537 1926 Thyestes
1560 1879 1581 1914 ,
1631 1837 2006 1924 postquam
2065 1818 2297 1899 fi‘atris

209 1967 503 2017 uxorem
551 1940 876 2017 adulterii
939 1941 1236 2015 crimine
1289 1942 1423 2016 sibi
1481 1939 1930 2034 devinxerat,
2002 1971 2297 2019 aureum

209 2061 425 2131 etiam
474 2084 733 2157 agnum
774 2074 1021 2133 nactus
1065 2074 1194 2133 esta
1294 2058 1523 2129 Eleae.
1571 2081 1744 2153 722.
1774 2085 1929 2159 sqq.
1982 2061 2070 2132 cf.
2118 2057 2294 2154 Iph.
2378 2076 2391 2083 ‘

215 2175 310 2249 T.
351 2172 524 2271 795.
622 2175 762 2247 Hic
803 2198 1148 2247 novorum
1193 2172 1542 2244 malorum
1576 2172 1709 2246 fuit
1746 2173 1898 2249 fona
1947 2179 2020 2247 et
2063 2177 2294 2274 origo:

600 2359 726 2429 ’ὅθεν
768 2366 912 2456 φέ>ῳ
955 2365 1106 2457 φόνος
1153 2346 1473 2449 ἐξαμείβων

688 2474 759 2545 δι’
802 2482 1036 2567 αἵματος
1082 2477 1144 2545 οὗ
1186 2478 1466 2572 προλείπει

800 2593 1068 2666 δισσοῖσιν
1110 2595 1440 2692 Ἀτρείδαις.
1531 2594 1758 2669 orest.
1810 2585 1981 2689 804.

211 2831 218 2838 .
307 2773 547 2866 Quum
592 2774 786 2848 enim
828 2773 1082 2847 exinde
1133 2774 1482 2850 discordia
1527 2790 1599 2849 et
1648 2777 2059 2850 inimicitiae
2112 2777 2296 2853 inier-

208 2888 456 2964 sratres
515 2906 794 2965 exortae
855 2905 1085 2964 essent
1107 2945 1128 2983 ,
1189 2892 1482 2991 Thyesti
1530 2891 1790 2967 liberos
1851 2919 2015 2967 suos
2067 2894 2295 2994 epulis
2382 2891 2383 2894 '

210 3007 540 3106 adposuit
580 3010 838 3084 Atreus
861 3069 880 3102 ,
949 3014 1072 3085 ΟΡ.
1124 3012 1232 3083 13.
1334 3011 1537 3083 Hanc
1579 3010 1852 3084 cladem
1895 3028 2133 3087 secuta
2190 3017 2299 3086 est

208 3127 780 3224 Agamemrnonis
836 3126 1124 3215 caedeS,
1174 3126 1404 3199 Elect.
1448 3129 1631 3223 748:
1688 3139 1763 3197 et
1807 3117 2058 3200 ultimo
2096 3128 2299 3200 deni-

211 3265 354 3340 que
412 3240 571 3314 loco
642 3256 842 3314 vetus
912 3241 1030 3314 illa
1097 3242 1208 3323 ἄτη
1276 3252 1534 3339 πατέρων
1594 3243 1921 3319 Orestem
1994 3249 2087 3321 ad
2150 3275 2300 3321 ma*

213 3370 398 3430 trem
479 3359 871 3431 necandam
933 3357 1266 3458 impulit,
1318 3359 1439 3433 El.
1505 3359 1711 3433 1308.
1794 3364 2018 3437 Orest.
2081 3389 2335 3448 1002„

206 3472 425 3574 Apud
483 3472 902 3575 Euripidem
935 3475 1147 3574 igitur
1198 3475 1316 3548 illa
1357 3475 1860 3575 Pelopidarum
1915 3482 2097 3556 mala
2143 3510 2296 3557 arc·

209 3595 479 3667 tissimo
529 3592 813 3667 vinculo
866 3594 1341 3668 continentur.
1444 3595 1770 3668 Ceterum
1826 3624 1989 3670 eum
2015 3657 2035 3692 ‚
2090 3602 2165 3674 in
2208 3603 2295 3675 iis

209 3735 391 3811 quae
441 3709 532 3784 de
573 3737 785 3785 aureo
847 3739 1022 3813 agno
1070 3703 1888 3802 t1·adit‚'Alcmaeonidsz
1933 3734 2290 3798 auctorem

208 3844 529 3904 secutum
575 3857 725 3905 esse
771 3830 1102 3906 discimus
1150 3845 1237 3908 ex
1289 3829 1525 3907 Schol.
1575 3833 1679 3904 ad
1729 3835 1953 3910 orm-t.-
2005 3864 2067 3911 ν.
2113 3845 2284 3938 988.

325 3946 737 4026 1»me
792 3948 869 4025 in
945 3950 1199 4029 Aulide
1271 3978 1351 4028 re
1431 3977 1592 4028 vera
1659 3967 2033 4030 mactatam
2082 3960 2291 4033 fuisse

1375 4071 1415 4146 Ι
2164 4089 2302 4150 tra‘
