2760 4725
1248 290 1795 372 -m-

465 486 867 591 profitetur,
919 501 993 563 et
1034 486 1441 565 incredulae
1474 492 2004 685 etiamque
2042 492 2405 582 dubitanti
2432 525 2585 697 pn«-¹

465 612 596 683 tris
637 606 938 707 sigillum
983 605 1340 690 oetemlita

551 1096 716 1187 Quo
757 1093 985 1193 magis
1038 1090 1301 1167 afflicta
1354 1093 1582 1168 fuemt
1634 1107 1709 1170 et
1748 1120 2051 1171 omnem
2097 1122 2315 1200 spem·
2358 1098 2581 1177 ahio·

455 1230 652 1295 cerat
719 1212 1048 1302 Electra,
1089 1232 1210 1282 eo
1265 1211 1520 1284 maiori
1592 1238 1788 1288 nune
1864 1212 2127 1294 laetitia
2205 1215 2573 1312 effertur,

454 1353 673 1443 quam
716 1329 1265 1432 Agamemnonis
1296 1342 1573 1404 tantum
1609 1331 1844 1405 caedis
1876 1336 2277 1428 mentione,
2328 1339 2601 1441 Apol--

449 1460 752 1560 linisque
804 1445 1104 1524 oraculis
1155 1445 1681 1539 memorandis,
1741 1448 1941 1523 sedat
1995 1465 2069 1524 et
2134 1452 2562 1532 moderatur

451 1578 764 1650 Orestes.
862 1569 1100 1660 Quare
1165 1589 1483 1644 sororem
1530 1582 1726 1668 rogat
1774 1582 1902 1660 ut,
1955 1569 2321 1646 inutilibus
2370 1575 2558 1647 mis-

451 1694 550 1771 sis
627 1685 1070 1765 sermonibus
1094 1739 1122 1779 ,
1186 1711 1270 1761 ea
1350 1684 1588 1786 potius
1652 1709 1738 1757 ae
1810 1626 2112 1782 ddeeat,
2148 1718 2369 1794 quae
2450 1695 2555 1771 ud

449 1812 891 1915 propositum
941 1831 1152 1879 suum
1208 1804 1392 1879 seire
1454 1830 1741 1880 neeesse
1798 1806 2105 1899 habeat,
2154 1824 2372 1915 utque
2428 1840 2551 1888 ca-

448 1946 613 2006 veat
658 1955 751 2002 ne
812 1923 1018 1999 hilari
1072 1920 1271 1997 vultu
1331 1948 1491 1998 rem
1549 1922 1808 2026 prodat
1864 1924 2149 2001 aedium
2208 1929 2545 2017 dominia,

453 2043 858 2150 Respondet
903 2063 1072 2118 vero
1118 2039 1402 2115 Electra
1452 2066 1529 2116 se
1573 2039 1759 2116 nihil
1820 2041 2083 2118 habere
2126 2048 2326 2150 quod
2377 2076 2548 2127 eum

444 2166 740 2240 ulterius
788 2175 1071 2238 moneat
1094 2220 1114 2254 ,
1165 2162 1399 2264 ipsum
1466 2163 1661 2238 enim
1703 2164 1847 2238 iam
1903 2163 2251 2240 audivisse
2310 2168 2548 2269 Aegia-

447 2288 655 2360 thum
724 2284 941 2359 domo
990 2280 1278 2374 abesse3
1350 2305 1518 2359 mox
1568 2292 1807 2355 autem
1856 2281 2163 2388 aliquem
2206 2283 2545 2360 aoeeden-

443 2418 595 2478 tem
642 2402 935 2477 audiens
959 2457 979 2493 ‚
1031 2411 1308 2473 mutato
1357 2399 1703 2475 sermonis
1760 2415 2173 2501 argumento
2200 2457 2224 2495 ,
2301 2402 2539 2508 hospi-

445 2534 556 2594 tes
599 2520 846 2593 invitat
887 2531 968 2591 ut
1016 2517 1312 2591 domum
1360 2516 1863 2615 ingrediantur.
1917 2569 1929 2580 -

541 2640 653 2711 Ex
698 2635 991 2710 aedibus
1023 2632 1348 2735 procedit
1398 2657 1609 2715 senex
1626 2687 1648 2724 ,
1687 2647 1763 2707 et
1796 2634 2114 2710 incautos
2154 2639 2534 2740 reprehen-

446 2756 593 2848 dit,
652 2753 847 2857 quod
893 2777 970 2827 ae
1028 2751 1108 2825 in
1165 2773 1444 2826 summo
1500 2755 1821 2854 periculo
1872 2756 2136 2830 versari
2174 2781 2327 2831 non
2380 2759 2535 2835 ani-

436 2873 885 2951 madvertant
906 2927 925 2961 ,
979 2882 1401 2971 tempusque
1454 2885 1690 2949 terant
1723 2877 1828 2951 rei
1880 2875 2227 2977 gerendae
2272 2905 2532 2979 oppon*

437 3010 717 3071 tunum.
814 2991 885 3068 A
915 2990 1125 3064 fratre
1167 2986 1527 3063 admonita
1560 3015 1802 3064 senem
1845 2995 2159 3095 agnoseit
2196 2994 2523 3089 Electra,

443 3137 751 3216 eumque
794 3124 1069 3213 patrem
1096 3164 1117 3199 ‚
1168 3108 1902 3212 Agamemnoniaeque
1936 3115 2176 3214 stirpis
2226 3129 2531 3190 servato.

433 3261 594 3309 rem
635 3232 1040 3335 aclpellan3‚
1092 3254 1239 3301 non
1291 3226 1511 3326 magis
1571 3225 1647 3296 in
1680 3225 1892 3300 rebus
1934 3227 2136 3303 laetis
2187 3253 2405 3333 quam
2454 3233 2528 3308 in

433 3350 750 3426 tristibus
806 3348 940 3422 sibi
994 3355 1365 3447 temperat.
1466 3344 1745 3436 Quibus
1800 3346 2244 3421 sermonibus
2306 3349 2524 3425 finem

435 3471 741 3574 imponit
805 3493 1019 3543 senex
1041 3524 1061 3561 ,
1132 3466 1600 3565 Orestemque
1660 3477 1739 3538 et
1797 3464 2136 3566 Pyladem
2196 3466 2525 3544 adhorta·

432 3602 554 3663 tur
598 3614 694 3662 ne
762 3585 1058 3688 amplius
1121 3596 1553 3662 cunctentur
1579 3638 1603 3673 ,
1671 3607 1895 3683 quum
1938 3586 2047 3660 vir
2114 3586 2348 3663 nullus
2396 3587 2523 3664 ned

430 3706 581 3780 sola
647 3707 1197 3806 Clytaemnestra
1280 3703 1371 3780 sit
1437 3699 1653 3775 domi.
1778 3704 2013 3798 Quare
2045 3761 2066 3796 ‚
2144 3717 2521 3808 postquam

432 3819 778 3921 'Apollinis
860 3817 1198 3898 auiilium
1273 3818 1675 3928 imploravit
1716 3821 1999 3900 Electra
2032 3878 2067 3915 ,,
2135 3821 2344 3897 aedes
2412 3823 2519 3897 in-

428 3933 864 4040 grediuntur.
2399 3983 2411 3998 .
2494 3983 2503 3998 .

2332 4057 2509 4134 Cho-

2734 2226 2754 2956 s
